2346 3952
300 255 335 307 8
1032 266 1378 306 PRAEFA'rio.

299 391 582 443 facessunt
602 388 912 456 Interpreti,
934 404 1101 456 quam
1116 386 1208 439 vel
1227 387 1413 438 decem
1434 392 1530 438 aut
1544 387 1734 453 viginti
1753 387 2116 440 narrationes,

302 475 478 542 Spero
504 479 696 535 tamen,
731 474 1003 525 neminem
1027 472 1209 534 facile,
1236 472 1331 538 qui
1351 471 1439 523 vel
1463 471 1661 522 leviter
1680 471 1878 526 tinctus
1899 473 2118 524 Latinis

300 559 474 611 literis
501 559 591 621 sit,
635 559 844 626 aliquid
884 557 1317 609 desideraturum
1341 572 1484 619 esse,
1527 556 1673 623 quod
1714 555 1783 607 ad
1809 557 2119 623 intelligen-

304 644 437 695 dum
465 643 741 696 Valerium
759 643 1023 710 pertinet3
1052 647 1111 692 et
1125 656 1318 693 vereor
1342 641 1548 708 potiUS,
1573 656 1642 691 ne
1664 639 1826 690 nimis
1854 640 2120 708 copiosus

303 727 634 796 quibusdam
657 728 711 778 in
737 726 1147 794 interpretando
1168 726 1375 777 videar.
1452 725 1632 787 Certe,
1660 724 1769 775 nisi
1795 724 1883 775 vel
1908 725 2122 792 priores

304 813 725 865 commentarios
751 812 1070 863 habuissem
1099 811 1290 873 duces,
1319 810 1405 862 vel
1430 809 1730 876 vulgarium
1757 808 2124 876 Interpretum

305 897 578 949 erroribus
617 895 829 947 obicem
854 911 1055 962 ponere
1075 895 1400 957 voluissem,
1441 895 1646 945 multas
1689 898 1849 945 notas
1886 893 2126 947 libenter

305 981 629 1032 omisissem.
703 978 794 1030 Ne
820 983 1002 1030 tamen
1026 979 1078 1031 in
1117 994 1427 1045 quenquam
1458 977 1686 1045 injurius
1712 994 1910 1039 essem,
1935 994 2126 1030 eorum

303 1065 544 1126 nomina,
585 1078 727 1130 quos
750 1061 1002 1125 refutavi,
1028 1078 1185 1129 saepe
1213 1062 1557 1129 multumque
1584 1062 1888 1129 suppressi.
1966 1062 2127 1114 Nihil

307 1149 454 1200 enim
491 1147 715 1199 facilius
759 1152 866 1209 est,
906 1163 1072 1214 quam
1107 1163 1141 1198 a
1165 1162 1295 1198 vero
1336 1147 1610 1209 aberrare,
1648 1146 1963 1214 praesertim
2001 1163 2127 1198 cum

306 1233 521 1285 animus
544 1248 727 1283 rerum
766 1232 1114 1283 multitudine
1155 1232 1465 1284 offenditur.
1541 1230 1718 1284 Grata
1745 1235 1926 1283 autem
1949 1237 2129 1284 mente

307 1333 571 1383 agnosce,
597 1318 838 1369 virorum
864 1317 1151 1369 doctorum
1185 1332 1364 1378 curaS,
1413 1315 1663 1383 inprimis
1693 1314 1900 1382 Pighii,
1926 1315 2131 1379 Coleri,

307 1400 545 1464 Vorstii,
573 1401 866 1465 Perizonii‚
888 1407 944 1453 et
958 1401 1228 1464 Torrenii,
1250 1401 1546 1469 plurimum
1566 1400 1698 1451 mihi
1714 1399 2006 1468 profuisse.
2045 1399 2133 1452 De

312 1485 534 1552 quibuS‚
560 1486 819 1553 quoniam
863 1486 934 1538 ad
968 1486 1110 1537 hunc
1135 1487 1323 1537 locum
1348 1491 1574 1538 ventum
1599 1490 1705 1546 est,
1744 1500 1926 1552 pauca
1951 1484 2133 1537 dicere

309 1569 462 1623 libet.
534 1570 735 1637 Pighio
773 1572 888 1623 sine
935 1571 1106 1622 dubio
1134 1570 1390 1622 Valerius
1430 1569 1726 1637 plurimum
1758 1569 1937 1632 debet,
1971 1569 2133 1636 isque

310 1655 505 1706 merito
554 1656 855 1722 sospitator
893 1654 1102 1706 Valerii
1162 1653 1430 1722 appellari
1471 1656 1673 1722 potest,
1726 1653 1872 1705 sicut
1908 1653 2136 1722 Lipsius

313 1737 516 1803 Taciti,
565 1746 664 1791 aut
707 1740 975 1791 Heinsius
1024 1738 1346 1791 Poetarum.
1422 1738 1686 1790 Plurimis
1738 1738 2003 1790 subsidiis
2052 1738 2137 1789 in-

316 1828 558 1875 structus
579 1825 648 1876 ad
670 1823 1051 1876 illustrandum
1071 1823 1360 1875 Valerium
1381 1830 1728 1888 accesserat3
1749 1829 1822 1886 et,
1837 1823 1947 1874 nisi
1971 1822 2138 1874 nimis

316 1907 503 1959 audax
526 1909 726 1960 fuisset
751 1910 806 1960 in
829 1908 1093 1960 mutando
1121 1913 1290 1971 textu,
1307 1924 1468 1959 omne
1488 1907 1602 1959 fere
1620 1913 1880 1974 punctum
1907 1907 2139 1959 tulisset.

316 1990 396 2043 At
419 2009 560 2045 nunc
596 1998 766 2056 secat,
791 1994 918 2056 urit,
955 1998 1156 2056 mutat,
1202 1993 1397 2060 adjicit
1437 2007 1540 2059 pro
1581 1993 1764 2054 libitu,
1807 1995 1868 2042 ut
1909 1990 2141 2044 totidem

316 2076 423 2128 fere
442 2078 570 2136 loca
595 2095 731 2130 sana
755 2080 1074 2146 corruperit,
1101 2083 1238 2146 quot
1264 2077 1508 2129 fortasse
1536 2081 1795 2144 corrupta
1827 2081 2139 2129 sanaverat.

319 2162 547 2214 Colerus
573 2161 631 2213 in
657 2162 883 2230 optimis
910 2163 1318 2231 Interpretibus
1343 2161 1740 2224 numeranduS,
1762 2176 1953 2213 verum
1988 2175 2142 2228 saepe

320 2262 355 2298 a
392 2262 568 2315 scopo
604 2248 928 2314 digreditur,
955 2254 1008 2299 et
1026 2249 1313 2315 praecipue
1340 2247 1573 2298 moralia
1598 2246 1893 2307 immiscet,
1917 2244 2146 2296 nimius-

324 2346 431 2398 que
458 2337 546 2382 est
584 2337 796 2383 amator
823 2331 1101 2399 phrasium
1141 2330 1539 2382 obsoletarum.
1611 2328 1874 2380 Vorstius
1900 2328 2146 2395 priorum

326 2413 689 2482 Interpretum
714 2416 1200 2468 observationibus
1226 2416 1364 2466 bene
1393 2417 1582 2477 utitur,
1607 2415 1663 2466 in
1684 2413 1980 2466 Varietate
2010 2412 2150 2464 Lec-

326 2498 540 2550 tionum
578 2499 742 2551 codd.
769 2500 967 2551 Brand.
1010 2498 1306 2552 admodum
1334 2499 1582 2565 diligenS,
1630 2504 1690 2550 et
1716 2498 1827 2550 nisi
1853 2496 2148 2559 LatinitaS,

329 2582 489 2650 cujus
546 2589 661 2635 erat
698 2584 1162 2647 studiosissimus,
1192 2600 1334 2635 eum
1375 2584 1593 2650 abripit,
1630 2598 1914 2650 nunquam
1953 2581 2064 2633 fere
2116 2598 2151 2633 a

327 2667 422 2719 via
446 2667 702 2721 deflectit.
775 2667 1009 2722 Tractat
1038 2673 1219 2720 tamen
1244 2683 1628 2734 nonnunquam
1656 2667 1919 2732 vulgaria.
1994 2666 2153 2718 Peri-

329 2751 479 2804 zonii
506 2751 679 2803 Notae
708 2754 998 2804 ostendunt
1022 2753 1196 2804 virum
1240 2753 1431 2804 multae
1456 2751 1750 2817 lectionis;
1790 2750 2059 2803 Historiae
2083 2766 2153 2802 ac

332 2835 692 2888 Familiarum
744 2836 1115 2889 Romanarum
1162 2836 1559 2903 peritissimum
1583 2851 1598 2900 3
1650 2842 1707 2885 et
1752 2834 1824 2886 ad
1864 2834 2153 2886 Valerium

335 2920 611 2972 edendum
639 2922 877 2972 omnium
915 2922 1159 2972 maxime
1200 2920 1480 2982 idoneum,
1506 2924 1572 2969 ut
1611 2919 1830 2970 omnino
1854 2918 2157 2970 dolendum

335 3004 430 3067 sit,
455 3019 582 3055 eum
605 3004 694 3056 vel
719 3010 891 3055 morte
911 3009 1256 3071 praeventum
1276 3003 1365 3054 vel
1381 3003 1506 3054 aliis
1528 3002 1812 3054 laboribus
1840 3002 2156 3064 distentum,

339 3086 625 3139 Valerium
652 3104 761 3140 non
795 3088 1052 3140 edidisse.
1125 3086 1426 3139 Torrenius
1451 3092 1533 3138 est
1555 3086 1612 3136 in
1636 3085 1968 3151 colligendis
1992 3085 2157 3139 Vari·

343 3172 565 3223 antibus
605 3172 964 3224 Lectionibus
1001 3171 1469 3238 diligentissimuS,
1518 3174 1573 3221 et
1612 3170 1668 3220 in
1714 3169 2015 3236 seligendis
2058 3171 2160 3224 ali-

344 3272 498 3307 orum
541 3255 708 3308 Notis
751 3273 1003 3323 magnum
1044 3256 1227 3324 prodit
1263 3255 1559 3324 judicium,
1604 3254 1684 3306 ita
1721 3259 1784 3304 ut
1826 3252 1942 3320 ejus
1969 3253 2161 3306 Editio

344 3341 595 3391 omnibus
634 3341 756 3392 aliis
795 3341 1035 3408 palmam
1070 3341 1370 3409 praeripiat.
1444 3338 1629 3406 Major
1666 3342 1847 3388 tamen
1887 3336 2005 3405 ejus
2040 3337 2161 3390 laus

343 3423 558 3477 videtur
582 3425 638 3476 in
667 3426 857 3477 critica
882 3442 1028 3490 esse,
1072 3442 1238 3494 quam
1284 3425 1338 3476 in
1377 3422 2163 3492 interpretatione.-—Horum
