2352 4022
400 331 509 384 268
904 341 1164 382 VALERM
1206 339 1450 378 ΜΑΧιΜι
1491 340 1610 379 Lm.
1651 343 1718 379 ιι.

397 467 547 518 tibus
565 469 607 495 ¹0
642 465 822 533 petiit,
861 468 878 491 ‘
897 467 956 514 ut
982 477 1081 514 eos
1106 461 1281 529 gratia
1305 477 1408 512 sua
1435 461 1710 512 Romanis
1755 461 1977 529 templis
2002 459 2218 516 restitu-

398 550 582 603 erent.’
657 549 818 613 Quos
856 547 937 597 illi
978 547 1034 597 in
1077 547 1367 614 proposito
1408 551 1850 614 perseveranteS,
1890 547 2221 614 interposita

397 634 558 687 sestae
604 632 938 701 epulationis
989 631 1360 694 simulatione,
1408 647 1557 683 mero
1621 646 1930 698 somnoque
1983 633 2220 700 sopitOS,

398 720 665 788 plaustris
688 718 744 769 in
778 716 985 768 Urbem
1009 723 1046 747 ¹¹
1069 724 1085 746 ³
1122 717 1473 771 devehendos
1498 722 1828 771 curaverunt
1849 718 1901 770 :d
1935 718 2138 786 quibus
2163 723 2222 771 et

397 804 572 855 honos
596 802 863 870 pristinus
888 802 1198 866 restitutus,
1217 808 1276 854 et
1292 802 1527 871 hujusce
1552 802 1704 855 lusus
1731 802 1829 870 jus
1854 808 1940 854 est
1964 801 2218 854 datum.¹¹

398 889 770 940 Personarum
807 901 944 939 usus
987 886 1263 955 pudorem
1300 889 1688 941 circumventae
1729 886 2064 940 temulentiae
2090 875 2221 940 cau-

397 988 517 1024 sam
541 971 785 1023 habetf*

467 1058 517 1109 5.
556 1054 684 1108 Fuit
706 1055 872 1108 etiam
892 1056 992 1110 illa
1009 1062 1051 1087 ¹²
1088 1057 1419 1126 simplicitas
1447 1058 1792 1125 antiquorum
1831 1059 1889 1110 in
1914 1057 2043 1112 cibo
2069 1057 2222 1124 capi-

395 1132 556 1204 endo,
581 1140 937 1194 humanitatis
976 1142 1141 1195 simul
1181 1149 1241 1196 et
1275 1143 1633 1196 continentiae
1674 1143 1989 1196 certissima
2031 1142 2218 1194 indeX.

398 1224 549 1277 Nam
574 1226 836 1278 maximis
863 1226 998 1279 viris
1022 1227 1290 1295 prandere
1306 1226 1320 1254 ²
1354 1232 1412 1278 et
1437 1230 1660 1279 coenare
1699 1228 1755 1278 in
1787 1227 2101 1296 propatulo,
2127 1241 2220 1278 ve-

395 1310 674 1363 recundiae
700 1326 812 1363 non
836 1311 1022 1364 eratzf
1051 1329 1151 1364 nec
1191 1327 1322 1364 sane
1348 1311 1498 1364 ullas
1524 1310 1721 1378 epulas
1746 1311 2042 1374 habebant,
2080 1325 2223 1378 quas

397 1386 594 1463 populi
620 1396 798 1448 oculis
818 1396 1091 1465 subjicere
1115 1398 1526 1450 erubescerent.
1603 1395 1775 1447 Erant
1799 1396 1944 1448 adeo
1962 1400 2000 1432 ¹³
2041 1395 2222 1447 conti-

397 1480 600 1532 nentiae
620 1482 835 1546 attenti,
875 1487 941 1534 ut
966 1482 1306 1551 frequentior
1330 1481 1480 1551 apud
1506 1497 1602 1533 eos
1627 1479 1839 1548 pultisu
1873 1495 2028 1543 usuS,
2055 1495 2222 1548 quam

451 1671 472 1698 ἆ
503 1674 609 1719 Quos
638 1673 832 1725 tibicines,
859 1678 1148 1726 perseverantes
1181 1675 1225 1715 in
1255 1676 1453 1727 proposito
1489 1687 1565 1714 non
1603 1673 1790 1713 redeundi
1822 1673 2003 1720 Romam,
2026 1668 2227 1712 Tiburtini

401 1728 701 1777 deportaverunt
719 1730 758 1768 in
775 1730 908 1768 urbem
934 1729 1114 1769 curribus
1132 1729 1287 1769 obrutos
1302 1742 1432 1769 somno
1450 1734 1487 1768 et
1508 1731 1597 1767 vino
1612 1741 1628 1775 ‚·
1656 1730 1756 1779 quod
1778 1728 1959 1767 biberunt
1990 1728 2035 1766 iu
2051 1726 2226 1767 convivio

392 1779 507 1828 facto
527 1793 616 1830 une,
634 1782 663 1821 z'.
683 1795 716 1822 e.
734 1795 845 1833 quem
863 1782 925 1823 illi
931 1783 1084 1832 festum
1100 1783 1180 1823 sibi
1191 1784 1482 1823 simulaverant.

451 1841 466 1859 θ
494 1834 582 1895 Illis
595 1836 825 1886 permissum
839 1841 910 1888 est,
926 1842 970 1876 ut
981 1838 1160 1888 personis
1177 1841 1380 1878 uterentur
1397 1836 1444 1876 ob
1460 1837 1645 1888 pudorem
1663 1834 1867 1875 ebtietatis
1881 1846 1954 1886 per
1968 1833 2227 1886 deceptionem

397 1900 623 1930 commzssoe.

445 1939 473 1974 f
499 1943 603 2002 Num
639 1944 682 1982 in
713 1944 794 1983 loco
824 1944 979 1995 patenti
1013 1948 1052 1985 et
1084 1943 1239 1996 publico
1275 1956 1426 1984 caenure
1461 1948 1503 1983 et
1527 1943 1724 1996 prandere
1751 1954 1828 1982 non
1856 1940 2123 1982 erubescebant
2147 1938 2229 1979 viri

399 2007 577 2034 rnaxzmz.

1167 2089 1383 2105 ‘mum
1391 2089 1462 2104 ‘N

395 2182 700 2231 factitat-erant.
756 2185 878 2227 Leid.
910 2190 949 2226 2.
985 2192 1031 2226 et
1064 2186 1223 2238 Ultraj.
1255 2190 1294 2227 1.
1330 2185 1485 2226 Tiburti
1515 2186 1738 2226 irati.—10
1767 2183 1985 2224 Tiburtinis
2008 2183 2165 2236 Ultraj.
2193 2187 2230 2226 1.

407 2237 528 2275 Tibur
545 2238 656 2277 tibiis
687 2239 844 2292 Ultraj.
875 2243 914 2280 2.
946 2246 991 2281 et
1020 2241 1139 2292 Mog.
1168 2242 1271 2292 petit
1303 2240 1462 2292 Ultraj.
1485 2243 1522 2279 l.
1545 2244 1584 2280 2.
1618 2239 1769 2280 Leidd.
1789 2242 1828 2278 2.
1849 2242 1889 2277 5.
1907 2241 1946 2278 6.
1964 2240 2005 2278 7.
2031 2236 2229 2277 Perizon.

403 2291 546 2330 Bitur.
568 2295 606 2332 l.
626 2292 726 2332 Vat.
749 2298 792 2332 et
815 2294 931 2346 Mog.
963 2295 1174 2334 restituant
1203 2294 1346 2334 Bitur.
1372 2298 1410 2334 1.
1441 2297 1586 2334 2.-11
1617 2295 1722 2333 Tres
1753 2291 2018 2342 Torreniani,
2043 2291 2087 2330 in
2111 2290 2230 2331 Urbe.

403 2344 508 2383 Mox
531 2345 663 2386 Barb.
687 2350 723 2386 1.
745 2353 789 2386 et
811 2348 966 2399 copes,
998 2348 1218 2397 huiusmodi
1238 2349 1343 2388 lusus
1361 2348 1412 2387 iis
1428 2348 1545 2387 datus
1573 2352 1659 2394 est,·
1689 2347 1796 2386 Exc.
1827 2344 1979 2396 steph.
2010 2342 2230 2394 'uniusmodi

405 2398 512 2436 lusus
527 2399 583 2437 eis
601 2401 718 2438 datus
734 2406 790 2440 est
807 2414 820 2447 ,·
849 2401 950 2441 Vat.
971 2406 1008 2441 1.
1030 2402 1160 2442 Barb.
1180 2406 1217 2441 2.
1236 2401 1359 2442 Leid.
1379 2405 1417 2441 7.
1438 2405 1484 2440 et
1501 2402 1617 2451 Mog.
1641 2400 1795 2448 hujusce
1811 2400 1918 2438 lusus
1934 2398 1996 2438 his
2010 2399 2126 2438 datus
2143 2402 2202 2437 est
2214 2410 2230 2445 ,·

406 2450 532 2489 Harl.
565 2452 720 2500 hujusce
751 2454 855 2493 lusus
885 2455 962 2494 hiis
993 2457 1109 2494 datus
1135 2459 1192 2495 est
1207 2469 1224 2502 ,·
1255 2454 1380 2494 Leid.
1408 2459 1449 2494 fi.
1477 2454 1736 2503 hujuscemodi
1762 2454 1866 2492 lusus
1887 2451 1956 2500 jus
1986 2453 2121 2491 datum
2147 2456 2232 2498 est;

404 2504 561 2543 Venet.
581 2510 621 2544 5.
640 2507 789 2545 huiscoe
809 2509 914 2547 lusus
929 2509 1002 2557 J’us
1018 2511 1154 2548 datum
1172 2513 1243 2548 est.
1296 2509 1397 2547 vet.
1429 2520 1505 2559 pro
1529 2510 1633 2547 lusus
1657 2508 1786 2546 habet
1817 2508 1944 2545 ludus.
1998 2502 2231 2544 Torrenius

405 2557 562 2607 probat
581 2560 691 2611 quod
713 2561 755 2598 in
777 2561 899 2602 Leid.
916 2567 957 2602 6.
978 2565 1169 2601 est.-l2
1202 2561 1339 2601 Etiam
1368 2565 1407 2601 et
1439 2562 1508 2600 illu
1538 2561 1661 2600 Harl.
1692 2561 1790 2600 Fuit
1808 2563 1847 2599 et
1863 2560 1933 2598 illa
1947 2559 2070 2599 Voss.
2123 2558 2230 2597 Mox

404 2611 446 2649 in
469 2612 640 2663 eodem,
668 2617 922 2655 verecundum
941 2628 1016 2655 non
1034 2619 1134 2655 erat.
1189 2615 1325 2655 Paulo
1344 2620 1461 2664 ante,
1487 2619 1526 2654 et
1549 2616 1740 2665 prandere
1771 2619 1809 2653 et
1843 2625 1992 2653 coenare
2010 2612 2054 2652 in
2074 2611 2229 2664 Copes.

404 2667 511 2703 -13
541 2666 675 2706 Erant
707 2672 837 2709 autem
871 2670 965 2709 adeo
995 2669 1124 2710 Aldd.
1158 2669 1295 2709 Coliu.
1327 2669 1481 2720 Steph.
1515 2667 1680 2719 Gryph.
1710 2667 1834 2716 aliae3
1862 2666 1937 2706 sed
1965 2677 2049 2705 non
2082 2663 2232 2705 favent

405 2717 529 2759 codd.
562 2726 727 2771 praeter
757 2734 886 2762 unum
916 2723 1050 2764 Barb.
1079 2725 1322 2765 continenter
1346 2723 1490 2763 attenti
1519 2723 1660 2763 Bitur.
1693 2725 1729 2761 1.
1757 2723 1859 2762 Vat.
1890 2719 2042 2761 Leidd.
2061 2723 2101 2760 6.
2119 2722 2159 2758 ὃ.
2187 2721 2229 2758 7.

1223 2857 1408 2899 NOTAE

460 2966 475 2986 ⁸
502 2962 710 3002 Plaustris
725 2963 767 3003 in
791 2963 950 3016 Urbem,
980 2964 1066 3016 ὅπη]
1093 2964 1192 3005 Sive
1217 2965 1289 3004 'ri-
1353 2964 1627 3005 veherentur.
1665 2964 1790 3004 'Haec
1810 2961 1970 3002 Livius.

405 3025 566 3065 bui-tini
587 3027 710 3078 hujus
730 3026 894 3067 fraudis
924 3029 1169 3069 inventores
1195 3030 1286 3069 fue-
1407 3027 1432 3051 *
1459 3027 1545 3069 An.
1575 3028 1638 3067 M.
1658 3030 1782 3067 3743.
1829 3025 1902 3066 01.
1925 3027 2017 3064 11⁷.
2036 3027 2077 3064 2.
2119 3021 2229 3063 Urb.

408 3091 512 3140 rint,
540 3096 588 3129 ut
620 3091 774 3131 scribit
793 3091 965 3140 Livius3
997 3093 1084 3131 sive
1104 3092 1286 3132 libertus
1353 3092 1404 3132 C.
1424 3095 1520 3132 442.
1565 3090 1666 3132 Ant.
1691 3091 1740 3130 C.
1761 3093 1855 3130 310.

407 3151 597 3205 quidam,
625 3159 672 3194 ut
710 3154 969 3194 Plutarchus
999 3159 1045 3194 et
1076 3154 1284 3205 Ovidius;
1407 3156 1419 3181 ²
1450 3154 1668 3205 Prandere]
1697 3152 1929 3192 Prandium
1955 3147 2229 3203 quasirape'v-

405 3229 490 3255 non
529 3218 644 3267 prius
695 3217 839 3256 dolum
888 3222 1111 3256 senserunt
1161 3217 1285 3267 ebrii,
1353 3220 1446 3268 διον,
1474 3218 1587 3270 quod
1614 3217 1791 3257 meridie
1820 3221 2081 3263 muneretur3
2110 3211 2231 3252 ἔνδιον

405 3291 534 3330 quam
555 3279 756 3330 plaustris
777 3280 818 3319 in
839 3279 932 3320 foro
956 3281 1114 3320 relictis
1135 3282 1284 3332 plenos
1354 3282 1466 3321 enim
1500 3281 1615 3320 idem
1647 3285 1786 3329 sonat,
1815 3276 1928 3330 quod
1950 3280 2101 3327 tempus
2117 3275 2231 3315 meri-

406 3343 583 3394 crapula
616 3343 689 3381 lux
727 3343 945 3395 oppressit
960 3356 977 3394 ς’
1002 3349 1106 3383 tunc
1139 3345 1285 3395 populi
1351 3347 1523 3384 dianam.
2197 3353 2199 3355 ·

408 3419 641 3446 concursus
674 3406 812 3447 faetus
851 3413 933 3465 est,
971 3407 1285 3460 impetratoque
1409 3414 1426 3434 ¹¹
1458 3406 1606 3457 Pultis]
1635 3405 1730 3446 Cibi
1765 3416 1897 3456 genus
1932 3409 1998 3444 est
2029 3402 2142 3456 quod
2176 3415 2229 3443 ex

410 3476 458 3510 ut
478 3477 711 3522 manerent,
735 3471 897 3521 datum,
919 3476 964 3511 ut
984 3470 1170 3510 triduum
1186 3483 1287 3522 quo-
1354 3469 1491 3509 farina
1526 3475 1572 3510 et
1605 3480 1731 3521 aqua,
1776 3466 1909 3508 mixto
1948 3467 2051 3518 sale,
2100 3465 2228 3507 confi.-

409 3536 550 3576 tannis
576 3539 714 3578 ornati
745 3549 840 3578 cum
867 3541 994 3579 cantu
1027 3547 1105 3590 per
1140 3535 1285 3576 urbem
1355 3534 1480 3576 citur.
