2242 3958
330 304 400 357 58

979 318 1058 356 DE
1100 316 1501 356 ROMANORUM

896 509 1188 562 LICINII
1228 510 1592 564 LUCULLI.

383 636 420 676 E
449 636 674 677 Lucums
707 641 794 676 tres
827 640 872 676 et
903 635 1132 676 honoribus
1160 640 1206 676 et

328 699 521 739 victoriis
540 700 645 738 clari
666 698 970 751 perhibentur:
1002 711 1034 738 1.
1050 699 1204 739 Lucius

330 763 489 802 Consul
511 775 579 801 au.
602 766 695 802 602.
715 763 922 801 Vaccaeos
943 761 1203 804 Cantabros—

326 839 410 878 que
430 826 616 875 domuit3
635 837 686 864 11.
708 825 826 877 cujus
852 837 905 865 ex
925 824 1011 865 filio
1026 830 1205 877 nepotes

324 890 499 931 fuerunt
526 902 599 929 ιιι.
623 889 777 929 Lucius
806 895 852 929 et
879 890 1073 940 Marcus,
1094 893 1204 928 uter-

325 965 408 1005 que
437 953 479 992 in
508 953 623 992 bello
658 957 748 992 tum
776 952 1075 993 Mithridatico
1114 958 1205 993 tum

324 1016 439 1055 civili
457 1016 584 1067 Syllae
605 1015 773 1067 legatus
792 1028 803 1063 3
830 1021 1011 1068 uterque
1032 1016 1207 1066 Consul,

323 1079 396 1118 ille
417 1090 528 1117 anno
548 1082 641 1118 679.
658 1078 726 1118 hic
745 1081 838 1118 680.
860 1083 1039 1130 uterque
1058 1077 1204 1117 trium·

325 1141 480 1193 phalis,
499 1141 572 1182 ille
602 1154 657 1182 ex
677 1140 795 1193 Asia,
813 1141 884 1182 hic
914 1154 968 1181 ex
996 1142 1204 1182 Macedo·

1272 635 1372 676 nia:
1405 636 1527 676 Lucii
1556 641 1698 674 tamen
1729 633 1866 686 major
1889 631 1969 672 fuit
1998 637 2041 673 et
2067 632 2147 672 vir-

1273 704 1339 740 tus
1367 705 1411 740 et
1440 699 1603 750 gloria3
1630 709 1746 749 saepe
1775 696 1888 737 enim
1918 696 2148 736 Mithrida-

1273 770 1360 803 tem
1389 768 1431 801 et
1450 763 1675 813 Tigranem
1696 759 1852 811 exigua
1869 770 1996 798 manu
2012 758 2147 807 vicit;

1272 826 1468 866 villarum
1498 823 1834 876 magnificentia,
1857 821 2147 863 conviviorum

1273 895 1430 939 sumtu,
1456 894 1501 928 et
1528 887 1706 927 vestium
1735 897 1910 926 numero
1939 885 2151 925 Romanos

1273 964 1418 992 omnes
1449 952 1575 1003 longe
1613 949 1853 1002 superavit:
1884 960 1938 988 ex
1971 946 2150 986 Servilia

1273 1014 1448 1054 Catonis
1470 1025 1615 1053 sorore
1635 1013 1697 1052 illi
1717 1018 1843 1053 natus
1863 1016 1931 1052 est
1949 1021 2014 1052 ιν.
2033 1011 2148 1050 Mar-

1272 1091 1363 1129 cus,
1393 1079 1465 1130 qui
1496 1078 1674 1118 Antonii
1699 1078 1824 1130 jussu
1858 1081 1957 1127 post
1989 1075 2150 1127 Philip·

1272 1153 1447 1192 pensem
1467 1141 1694 1181 victoriam
1715 1138 1967 1180 interfectus
1987 1143 2068 1179 est.

862 1305 1158 1359 LICINII
1197 1303 1616 1357 MURAENAE.

378 1431 415 1471 E
444 1430 675 1471 Mumms
705 1431 789 1472 duo
815 1436 982 1472 tantum
1015 1432 1203 1472 illustres

322 1501 630 1545 memorantur,
668 1496 780 1535 alter
821 1495 1054 1547 triumpho,
1092 1496 1204 1535 alter

325 1555 578 1596 Consulatu:
623 1569 655 1596 1.
695 1557 866 1608 Lucius,
903 1557 1027 1608 cujus
1060 1563 1203 1608 pater,

321 1631 512 1672 avusque
533 1620 752 1671 Praetorii,
773 1627 818 1661 et
845 1622 937 1672 ipse
964 1621 1204 1661 Praetorius

322 1681 474 1724 missus
491 1696 514 1722 a
529 1684 650 1735 Sylla
667 1683 963 1724 Mithridatem
979 1683 1203 1735 repressit,

323 1759 459 1800 eoque
489 1748 660 1787 nomine
691 1747 994 1799 triumphavit:
1025 1747 1109 1786 duo
1142 1747 1205 1786 illi

322 1812 400 1852 filii
437 1811 612 1852 fuerunt
648 1824 703 1853 11.
736 1812 893 1852 Lucius
926 1817 971 1852 et
1002 1812 1204 1860 Marcus3

324 1876 389 1916 bis
419 1876 494 1916 ille
521 1877 562 1915 in
589 1876 890 1916 Mithridatem
921 1887 1039 1914 arma
1059 1875 1207 1925 gessit,

323 1941 455 1980 semel
487 1939 566 1980 sub
598 1943 737 1992 patre,
761 1938 917 1979 iterum
948 1937 1117 1978 Luculli
1146 1938 1204 1976 le-

954 2115 1189 2179 GENS

377 2247 527 2286 LivrAE
547 2247 687 2299 gentis
716 2253 805 2287 tres
834 2247 1006 2288 familiae
1036 2253 1081 2288 et
1104 2261 1205 2300 cog-

322 2309 494 2349 nomina
530 2309 722 2361 fuerunt,
762 2311 945 2362 Denter,
977 2311 1205 2361 Salinator,

323 2374 519 2412 Drusus:
552 2386 575 2413 e
618 2375 879 2414 Denteribus
925 2374 1084 2415 Consul
1121 2373 1206 2414 fuit

327 2435 455 2475 Caius
477 2448 586 2476 anno
618 2440 715 2476 451.
736 2449 759 2476 e
785 2437 1098 2476 Salinatoribus
1119 2436 1203 2476 duo

324 2498 501 2538 Marcus
531 2507 575 2538 et
605 2499 759 2538 Caius:
797 2499 870 2538 ille
902 2497 1062 2550 duplici
1093 2498 1203 2538 Con-

326 2561 467 2602 sulatu
486 2574 596 2602 anno
616 2565 711 2602 534.
733 2567 778 2602 et
809 2564 902 2602 546.
925 2561 1106 2602 totidem
1126 2561 1203 2601 tri-

1273 1436 1421 1482 gatus:
1454 1430 1609 1470 deinde
1633 1429 1881 1482 designatus
1899 1427 2058 1470 Consul
2077 1438 2149 1466 an·

1271 1507 1325 1534 no
1362 1498 1457 1534 691.
1495 1506 1521 1533 a
1556 1495 1721 1535 Catone
1756 1492 1932 1544 aliisque
1966 1490 2148 1530 ambitus

1272 1557 1449 1598 crimine
1481 1557 1736 1608 postulatus,
1760 1568 1786 1595 a
1818 1555 2027 1595 Cicerone
2059 1556 2149 1592 tum

1273 1622 1452 1662 Consule
1466 1633 1519 1660 ea
1532 1621 1742 1670 oratione,
1753 1631 1879 1671 quam
1895 1618 2024 1658 etiam
2038 1630 2152 1658 nunc

1273 1698 1361 1736 prae
1388 1684 1584 1723 manibus
1615 1683 1836 1732 habemus,
1858 1681 1921 1722 ita
1947 1679 2150 1720 defensus

1272 1754 1355 1796 est,
1389 1753 1439 1788 ut
1474 1746 1772 1787 honestissime
1809 1745 2027 1785 absolutus
2065 1743 2147 1783 sit:

1273 1810 1458 1851 Galliam
1481 1811 1608 1870 paulo
1640 1816 1737 1861 post
1756 1809 1934 1850 sortitus
1953 1801 2150 1848 Marcum

1271 1873 1451 1914 fratrem
1472 1874 1661 1925 legatum
1680 1871 1841 1913 habuit.

1256 2116 1522 2176 LIVIA.

1272 2246 1440 2298 umphis
1473 2251 1518 2286 et
1550 2246 1744 2286 Censura
1772 2243 1952 2285 nobilis:
1981 2244 2150 2296 Illyrios

1272 2309 1382 2349 enirn
1405 2309 1568 2348 domuit
1592 2314 1637 2348 et
1656 2307 1939 2348 Asdrubalem
1960 2307 2150 2347 Anniba-

1272 2374 1324 2412 lis
1354 2372 1535 2412 fratrem
1565 2384 1661 2411 cum
1682 2371 1876 2411 exercitu
1895 2371 1949 2410 ad
1977 2371 2150 2411 Metau-

1273 2449 1367 2475 rum
1392 2435 1578 2476 cecidit:
1609 2434 1697 2486 ejus
1731 2433 1842 2474 filius
1873 2434 2150 2475 Consulatum

1271 2511 1384 2539 auno
1404 2503 1499 2539 565.
1522 2498 1703 2551 adeptus
1723 2503 1803 2539 est.

976 2706 1184 2760 LIVII
1222 2708 1435 2763 DRUS
1443 2709 1490 2761 Ι.

376 2834 520 2875 DRusl
538 2838 625 2874 tum
656 2834 911 2875 Consulatus
930 2835 1090 2875 honore
1114 2842 1203 2876 tum

322 2898 563 2939 Tribunatu
602 2898 739 2950 plebis
772 2898 966 2938 celebres
1004 2899 1203 2939 extitere.

324 2975 357 3004 1.
373 2963 435 3003 Μ.
449 2962 612 3012 Livius,
625 2973 738 3001 caeso
751 2961 935 3002 hostium
945 2962 1053 3003 duce
1063 2964 1205 3002 Drau-

322 3039 386 3078 so,
405 3026 539 3068 Drusi
566 3037 801 3077 cognomen
831 3024 912 3064 sibi
943 3024 1113 3076 suisque
1141 3025 1203 3063 in-

322 3090 441 3130 venit
461 3102 471 3129 2
504 3100 552 3129 11.
575 3089 697 3139 cujus
717 3086 828 3127 filius
853 3087 978 3128 Caius
998 3099 1094 3127 cum
1113 3086 1203 3127 Sci-

322 3154 451 3206 pione
496 3153 723 3194 AEmiliano
766 3151 925 3192 Consul
963 3163 1072 3190 anno
1109 3155 1202 3192 606.

325 3230 469 3258 caecus
490 3217 563 3256 ille
582 3214 693 3256 forte
712 3213 811 3266 fuit,
831 3214 883 3255 de
903 3226 987 3267 quo
1005 3214 1204 3255 Valerius

322 3282 353 3322 l.
388 3293 492 3321 vm.
520 3293 557 3320 c.
590 3284 631 3321 7.
664 3279 768 3319 duos
798 3277 906 3318 filios
938 3278 1102 3330 habuit,
1131 3289 1202 3318 ιιι.

323 3345 523 3384 Marcum
562 3349 608 3383 et
645 3342 810 3393 Caium,
849 3343 1029 3381 alterum
1067 3342 1204 3381 altero

323 3409 450 3459 longe
465 3405 737 3445 illustriorem
755 3419 764 3445 ς
795 3405 924 3445 Caius
935 3403 1105 3457 quidem
1119 3416 1203 3444 non

326 3470 560 3512 indisertus
592 3467 688 3519 fuit,
706 3468 780 3507 sed
808 3467 986 3507 Marcus
1019 3467 1206 3518 ingenio,

326 3533 586 3587 eloquentia,
603 3531 766 3571 divitiis
793 3530 973 3583 pollens,
989 3530 1202 3571 Tribunus

1272 2835 1412 2888 plebis
1431 2847 1526 2876 cum
1545 2834 1728 2876 Senatus
1756 2837 1904 2887 partes
1929 2838 2081 2875 contra
2097 2835 2147 2879 C.

1274 2900 1516 2939 Gracchum
1548 2894 1758 2950 tueretur,
1789 2898 1971 2938 Senatus
2004 2904 2150 2951 patro·

1273 2975 1350 3002 nus
1370 2963 1612 3014 appellatus
1632 2966 1699 3001 est
1716 2975 1726 3001 :
1759 2961 1871 3001 unde
1891 2961 1946 3002 ad
1964 2973 2150 3003 summos

1272 3026 1451 3066 bonores
1469 3029 1662 3075 evectus,
1683 3024 1902 3078 aliquanto
1919 3029 2021 3078 post
2039 3025 2149 3067 Con·

1271 3090 1413 3130 sulatu
1430 3101 1543 3129 anno
1561 3091 1656 3129 641.
1676 3088 1731 3129 de
1749 3088 1984 3129 Scordiscis
2002 3089 2149 3128 trium-

1273 3153 1358 3204 pho
1378 3159 1424 3192 et
1444 3152 1638 3192 Censura
1666 3151 1838 3191 enituit.
1879 3150 2154 3200 Tribunatus,

1273 3229 1399 3268 quem
1416 3217 1593 3255 Marcus
1621 3215 1714 3268 ejus
1742 3214 1853 3254 filius
1882 3214 2028 3266 gessit,
2047 3215 2151 3255 laeta

1271 3278 1442 3332 quidem
1462 3278 1597 3324 initia,
1615 3277 1692 3318 sed
1721 3289 1816 3318 cum
1842 3275 1924 3328 ipsi
1945 3283 2033 3318 tum
2053 3279 2146 3318 uni-

1274 3354 1407 3381 versae
1431 3341 1569 3380 Italiae
1588 3339 1784 3381 funestus
1803 3340 1943 3380 exitus
1961 3339 2068 3380 fuit:
2095 3341 2143 3377 ιΊ-

1270 3405 1357 3444 lum
1395 3404 1507 3444 enim
1545 3415 1623 3454 pro
1660 3404 1919 3443 auctoritate
1965 3404 2143 3444 Senatus

1271 3480 1369 3508 cum
1406 3466 1666 3518 suscepisset
1705 3472 1855 3506 contra
1890 3467 2143 3518 Equestrem

1271 3530 1495 3580 Ordinem,
1515 3529 1767 3582 videretque
1796 3529 1878 3571 sibi
1906 3540 1990 3568 non
2018 3529 2141 3568 meri-
