2294 3990
953 302 1237 343 Mlm'rlA.

190 424 302 469 lueri
329 424 374 466 in
401 423 518 466 bello
539 422 794 478 affulgeret;
827 428 920 465 tum
951 424 1077 464 multi

190 492 308 533 ultro
345 502 442 532 sese
480 488 668 530 offerre:
711 489 749 529 si
781 501 885 529 vero
918 488 1078 529 laboris

189 555 387 609 multum,
440 557 638 598 utilitatis
690 561 765 598 aut
812 569 963 608 pamm
998 560 1074 597 aut

189 622 311 674 nihil,
331 622 484 674 pauci:
515 627 561 662 at
579 634 671 672 eos,
689 621 762 675 qui
781 621 979 662 militiam
1000 621 1074 661 de-

189 690 449 740 trectarent,
496 687 696 729 Consulis
727 689 836 737 erat,
870 690 946 726 ant
979 697 1073 726 car-

1950 290 2025 344 93

1143 434 1246 465 cere
1289 425 1366 463 aut
1400 420 1547 474 flagris
1580 431 1764 474 eogere:
1802 422 2028 463 nonnullo-

1143 500 1236 528 rum
1257 487 1404 539 etiam,
1422 486 1456 527 si
1477 485 1580 540 quid
1594 487 1788 538 egissent
1803 485 2026 538 audacius,

1141 559 1216 594 aut
1236 553 1347 593 bona
1365 552 1557 605 vendita,
1573 557 1649 593 aut
1666 551 1764 605 ipsi,
1783 565 1879 605 quae
1899 564 2028 604 poena

1142 620 1312 672 gravior
1329 625 1438 672 erat,
1460 618 1597 661 veluti
1615 618 1830 672 mancipia
1850 629 2026 659 venum·

1141 685 1246 725 dati.

621 852 731 904 DE
767 851 1147 917 EQUITUM
1186 852 1576 906 DELECTU.

241 978 348 1018 Cum
369 979 535 1031 equites
559 980 653 1031 jam
682 979 723 1018 in
743 983 882 1020 certas
911 980 1068 1020 classes

1138 978 1299 1030 pendia
1332 978 1564 1030 dabantur,
1590 978 1721 1031 duplo
1747 977 1917 1031 quidem
1937 991 2027 1020 ma-

186 1047 332 1081 essent
351 1055 375 1082 a
396 1042 654 1082 Censoribus
674 1042 900 1094 descripti,
921 1055 1068 1083 eorum
1129 1042 1252 1094 jora;
1287 1043 1369 1082 illis
1401 1055 1503 1083 vero
1537 1042 1590 1082 ad
1619 1043 1847 1083 emendum
1863 1056 2025 1097 equum

184 1104 380 1145 delectus
400 1106 551 1157 multo,
582 1119 708 1159 quam
730 1106 940 1158 peditum,
963 1105 1067 1146 faci-

183 1169 268 1209 lior
298 1167 406 1209 fnit:
436 1169 604 1210 illorum
634 1171 794 1223 duplex
822 1176 916 1210 erat
947 1170 1067 1218 ordo,

183 1235 336 1287 quibus
357 1242 519 1288 praeter
531 1248 683 1276 nomen
698 1237 800 1276 nihil
815 1249 1037 1276 commune
1054 1251 1065 1277 ε

185 1297 258 1337 alii
275 1298 386 1338 enim
405 1311 513 1352 equo
527 1300 704 1352 publico
722 1300 980 1351 militabant,
996 1301 1068 1340 alii

183 1361 383 1414 privato:
415 1365 486 1416 qui
507 1364 804 1417 publico‚jam
822 1364 921 1404 inde
942 1378 967 1404 a
985 1365 1068 1417 pri-

183 1428 266 1468 mis
282 1429 553 1481 Reipublicae
570 1430 837 1482 temporibus
853 1430 1067 1480 instituti3

182 1492 254 1544 qui
275 1493 462 1545 privato,
481 1496 618 1535 multo
641 1500 738 1546 post
758 1495 801 1534 in
823 1495 935 1535 bello
964 1495 1067 1535 Vei·

182 1554 288 1594 enti.
359 1556 406 1596 Si
437 1558 560 1597 Livio
591 1558 820 1611 credimus,
849 1559 930 1608 his,
963 1560 1065 1600 dum

181 1625 417 1673 mererent,
444 1621 559 1662 haud
588 1623 716 1663 aliter
744 1636 794 1664 ac
820 1624 959 1676 pediti
991 1625 1066 1665 sti-

1138 1107 1269 1146 semel
1291 1107 1387 1146 aeris
1418 1105 1530 1146 dena
1558 1106 1707 1157 millia,
1735 1107 1834 1147 bina
1866 1107 1909 1146 in
1938 1108 2024 1147 sin-

1138 1171 1260 1222 gulos
1288 1183 1419 1210 annos
1451 1170 1504 1210 ad
1536 1169 1762 1209 alendum:
1795 1170 1947 1223 quibus
1979 1171 2026 1211 id

1138 1234 1315 1274 solenne
1333 1233 1444 1283 fuit;
1478 1233 1550 1273 ubi
1572 1232 1720 1272 debita
1741 1232 2025 1274 confecerant

1136 1297 1364 1349 stipendia,
1397 1310 1552 1349 equum
1581 1297 1801 1349 publicum
1831 1296 1884 1336 ad
1915 1298 2024 1338 Cen-

1137 1373 1255 1400 sores
1286 1362 1329 1400 in
1363 1359 1503 1400 forum
1539 1361 1762 1410 reducere,
1794 1367 1839 1401 et
1870 1363 2023 1414 quibus

1136 1428 1180 1468 in
1202 1429 1325 1478 locis,
1349 1428 1501 1481 quibus
1529 1428 1889 1479 Imperatoribus,
1919 1433 2025 1481 quot

1137 1494 1259 1534 annis
1297 1494 1556 1534 meruissent
1596 1493 1800 1534 adhibitis
1839 1495 2022 1536 testibus

1135 1559 1340 1612 probare.

505 1789 615 1843 DE
653 1789 1017 1843 MILITUM
1034 1787 1037 1794 ’
1054 1746 1694 1844 VACATIONIBUS.

236 1913 309 1953 UT
339 1913 557 1954 scribendi
586 1915 748 1966 militis,
768 1914 832 1955 sic
854 1915 984 1956 etiam
1006 1915 1069 1956 di·

181 1978 384 2020 mittendi
401 1979 585 2032 diligens
604 1980 836 2021 observata
856 1982 965 2021 ratio
986 1986 1065 2022 est.

181 2041 333 2083 Missio
354 2056 455 2083 vero
469 2043 631 2096 duplex
647 2044 730 2085 fuit
747 2059 759 2095 ;
776 2059 862 2086 una
873 2047 1067 2098 honesta,

179 2107 373 2147 causaria
391 2108 556 2149 altera:
583 2109 764 2149 honesta
783 2123 947 2161 eorum,
973 2111 1064 2164 qui-

178 2169 259 2210 bus
270 2171 392 2223 justa
419 2168 585 2212 militiae
606 2173 775 2213 vacatio
794 2180 938 2223 esset;
969 2187 1066 2214 cau-

179 2235 294 2275 saria
306 2247 471 2287 eorum,
487 2235 642 2289 quibus
656 2237 902 2277 necessaria
918 2251 930 2278 :
944 2237 1066 2290 justa

178 2301 356 2354 petitur,
379 2303 446 2342 vel
464 2302 519 2342 ab
536 2307 683 2355 astate,
699 2316 796 2344 cum
818 2304 912 2357 quis
929 2305 1066 2357 major

175 2366 296 2406 annis
315 2370 408 2409 50.:
428 2368 499 2408 vel
516 2367 571 2408 ab
591 2368 783 2409 emeritis
803 2369 1030 2421 stipendiis
1051 2384 1064 2420 ;

178 2430 214 2471 si
234 2431 346 2484 quis,
367 2432 436 2472 vel
450 2432 576 2484 dena,
597 2433 631 2472 si
649 2446 796 2486 eques,
812 2435 879 2473 vel
893 2434 1071 2486 vicena,

176 2495 213 2535 si
233 2495 365 2547 pedes
384 2495 551 2538 fecerat
570 2498 808 2550 stipendia:
831 2500 901 2539 vel
919 2498 974 2539 ab
988 2500 1061 2540 ho-

175 2571 296 2612 nore,
312 2560 350 2600 si
365 2561 651 2613 Magistratus
672 2567 804 2614 esset,
824 2567 900 2603 aut
919 2575 1061 2604 sacer-

177 2622 280 2665 dos:
310 2625 379 2664 vel
405 2638 430 2665 a
467 2625 704 2677 beneficio;
748 2628 784 2666 si
823 2628 915 2680 quis
946 2629 1062 2668 enim

177 2686 281 2739 quid
299 2689 503 2740 gessisset
521 2688 713 2740 fortiter,
730 2690 814 2742 ipsi
830 2688 1061 2744 aliquando

176 2749 232 2791 ad
252 2757 436 2807 tempus,
449 2753 680 2807 aliquando
697 2755 740 2795 in
756 2767 880 2796 omne
896 2768 1032 2797 aevum
1049 2770 1061 2807 ;

1137 1917 1355 1958 interdum
1377 1918 1507 1958 etiam
1527 1917 1659 1969 ipsius
1674 1916 1836 1968 liberis,
1850 1920 1925 1958 aut
1942 1917 2020 1958 Se-

1136 1987 1261 2021 natus
1287 1987 1361 2021 aut
1396 1982 1594 2023 Consulis
1617 1982 1743 2034 jussu
1762 1982 1926 2022 militiae
1946 1995 2022 2022 va-

1137 2046 1252 2086 catio
1290 2046 1391 2086 data
1428 2051 1509 2087 est.
1564 2046 1749 2086 vacatio
1778 2046 2023 2087 necessaria

1134 2110 1246 2161 fuit;
1281 2112 1317 2151 si
1337 2112 1421 2163 cui,
1447 2116 1522 2151 aut
1542 2123 1691 2150 manus
1712 2111 1914 2164 abscissa,
1944 2115 2022 2151 aut

1133 2176 1372 2217 membrum
1392 2176 1551 2227 debile,
1571 2180 1646 2216 aut
1662 2175 1879 2216 imbecilla
1902 2175 2019 2215 vale·

1131 2240 1265 2281 tudo:
1300 2253 1355 2280 ne
1381 2240 1482 2293 quid
1514 2244 1657 2280 tamen
1683 2238 1849 2280 fraudis
1869 2239 2018 2280 subes-

1131 2311 1214 2358 set,
1255 2306 1491 2346 Censorum
1528 2304 1613 2345 fuit
1646 2304 1880 2358 inquirere,
1919 2317 2018 2357 quae

1131 2369 1288 2423 cuique
1314 2382 1445 2417 causa
1463 2369 1700 2410 vacationis
1731 2374 1861 2421 esset,
1881 2370 2019 2421 justa,

1131 2446 1185 2473 an
1207 2447 1346 2476 secus·
1401 2435 1447 2475 Si
1467 2435 1674 2474 tumultus
1705 2446 1761 2474 ex
1787 2435 2018 2487 improviso

1130 2497 1332 2549 oriretur,
1353 2499 1491 2538 nullus
1513 2503 1604 2538 tum
1628 2499 1846 2539 vacationi
1873 2499 2019 2548 locus3

1130 2562 1166 2602 si
1196 2562 1355 2603 bellum
1394 2562 1609 2604 Gallicum
1641 2563 1865 2616 ingrueret
1899 2563 2019 2602 nulla

1130 2628 1406 2668 sacerdotum
1427 2639 1659 2681 senumque
1675 2627 1844 2667 vacatio
1863 2640 1876 2677 ;
1907 2626 2016 2667 adeo

1129 2690 1338 2732 Romanis
1376 2692 1476 2732 olim
1510 2703 1666 2732 nomen
1690 2690 1909 2732 Gallicum
1929 2695 2017 2730 ter·

1130 2755 1220 2796 rori
1238 2754 1337 2796 fuit.

377 2920 486 2976 DE
521 2921 946 2977 EXERCITU
985 2923 1346 2990 EJUSQUE
1384 2924 1811 2980 PARTIBUS.

228 3046 541 3087 Romanonum
589 3049 826 3090 exercitum
876 3055 966 3091 tres
1013 3052 1056 3092 in

174 3117 322 3164 partes
354 3110 593 3161 tribuimus,
620 3112 664 3152 iu
689 3114 903 3154 Romanas
924 3115 1057 3167 legio-

175 3174 442 3226 nes,socios,
471 3179 518 3215 et
549 3175 723 3217 auxilia.
770 3177 982 3229 Legiones
1003 3191 1059 3218 ex

175 3237 354 3288 civibus,
373 3237 477 3278 socii
495 3250 552 3277 ex
572 3238 713 3290 Italis,
734 3241 892 3280 auxilia
911 3253 965 3281 ex
984 3254 1058 3282 na-

175 3299 366 3341 tionibus
383 3302 545 3342 exteris
571 3303 842 3345 constabant.
902 3306 1055 3358 Legio-

173 3373 249 3402 nes
268 3363 494 3405 aRomulo
524 3366 767 3418 institutae3
803 3369 923 3421 socii,
953 3371 1052 3411 dum

175 3438 244 3466 res
274 3427 468 3468 Romana
495 3436 676 3481 angusta
708 3430 806 3484 fuit,
850 3434 919 3473 vel
948 3434 1054 3474 nulli

175 3491 248 3530 ve}
277 3491 429 3542 pauci:
463 3493 534 3533 nbi
570 3495 775 3548 adolevit,
812 3509 890 3549 pro
923 3499 1052 3539 variis

176 3554 341 3607 imperii
359 3553 530 3604 finibus,
548 3559 674 3599 modo
686 3561 911 3612 pauciores
927 3561 1053 3602 modo

1126 3052 1298 3105 plures:
1337 3057 1565 3107 postquam
1608 3053 1852 3106 perdomita
1882 3051 2011 3092 Italia

1126 3122 1210 3169 est,
1232 3117 1434 3158 Romanis
1453 3130 1624 3170 semper
1636 3130 1830 3168 numero,
1846 3121 1919 3156 aut
1937 3129 2012 3168 pa·

1127 3193 1197 3221 res
1217 3180 1412 3233 fuerunt,
1439 3186 1521 3222 naut
1540 3181 1797 3234 superiores.
1837 3179 2011 3220 Auxilia

1127 3250 1228 3286 ante
1243 3245 1356 3286 bella
1373 3246 1552 3296 Punica,
1566 3245 1679 3284 nulla
1692 3247 2010 3294 memorantur;

1125 3310 1266 3363 primo
1285 3310 1455 3350 Punico
1485 3310 1600 3350 Galli
1619 3307 1804 3359 pecunia
1823 3307 2009 3348 conduc-

1124 3373 1173 3424 ti,
1203 3377 1317 3413 teste
1347 3372 1543 3420 Zonara;
1574 3370 1759 3410 secundo
1797 3369 2008 3411 Celtiberi

1122 3449 1177 3476 ex
1198 3437 1349 3486 Livio3
1378 3436 1470 3474 aliis
1490 3434 1693 3485 deinceps
1718 3434 1842 3474 bellis
1861 3434 1932 3474 alii
1953 3434 2006 3474 ab

1123 3501 1270 3541 amicis
1303 3499 1494 3552 Regibus
1528 3499 1778 3551 plerumque
1809 3498 1853 3538 in
1886 3498 2005 3538 auxi-

1120 3563 1224 3603 lium
1264 3562 1394 3603 missi.
1449 3561 1600 3602 Socios
1629 3561 1744 3603 inter
1769 3566 1815 3603 et
1847 3560 2005 3602 auxilia
