2352 4022
424 332 530 386 278
925 346 1186 386 vAnnRu
1230 346 1470 385 MAXJM1
1516 350 1632 387 me.
1671 350 1740 389 11.

493 467 580 523 10.
621 467 839 519 Horum
887 467 1096 518 moenia
1135 483 1358 532 egresso
1375 474 1416 508 ³⁹
1452 473 1616 520 vetus
1660 469 1753 520 ille
1789 487 1914 523 mos
1957 471 2244 527 Gallorum

420 552 691 615 occurrit}
725 568 866 619 quos
913 552 1184 602 memoria
1225 553 1503 618 proditum
1554 557 1652 616 est,
1695 554 1959 621 pecunias
2006 564 2243 623 mutuaS,

422 651 549 702 quae
574 636 661 687 his
689 637 838 702 apud
864 635 1075 687 inferos
1101 635 1479 700 redderentur,
1524 638 1653 689 dare
1681 639 1911 691 solitos:
1951 641 2083 708 quia
2117 659 2242 710 per-

419 735 643 771 suasum
670 721 999 782 habuerunt,
1017 720 1230 771 animas
1256 721 1537 774 hominum
1563 723 1901 775 immortales
1926 740 2063 776 esse.
2137 727 2240 778 Di-

412 819 590 854 cerem
614 804 827 867 stultOS‚
860 804 969 856 nisi
994 804 1139 856 idem
1163 806 1441 859 braccatit
1479 808 1798 869 sensissent,
1845 809 1999 875 quod
2037 810 2237 877 pallia-

414 893 507 938 tus
524 894 546 914 ¹¹
583 886 933 955 Pythagoras
950 895 973 916 V
1011 890 1264 943 credidit.

479 972 567 1022 11.
605 969 798 1024 Avara
823 977 878 1024 et
904 973 1259 1026 foeneratoria
1284 974 1571 1027 Gallorum
1598 976 1992 1045 philosophia:
2031 978 2238 1032 alacris

406 1059 462 1106 et
485 1055 640 1126 fortis
665 1054 1041 1109 Cimbrorumw
1084 1062 1138 1110 et
1163 1058 1603 1123 Celtiberorum‚³¹
1627 1062 1723 1128 qui
1748 1063 1804 1113 in
1831 1063 1953 1114 acie
1978 1063 2234 1130 gaudio40

407 1140 752 1204 exultabant,
796 1147 1065 1209 tanquam
1105 1143 1338 1209 gloriose
1383 1149 1437 1195 et
1480 1143 1712 1196 feliciter
1753 1146 1872 1198 vita
1910 1148 2234 1200 excessuri:

407 1224 852 1277 lamentabantur
876 1227 936 1277 in
959 1228 1175 1289 morb0‚
1202 1228 1367 1294 quasi
1392 1228 1623 1295 turpiter
1648 1235 1705 1280 et
1728 1230 2113 1284 miserabiliter
2136 1249 2234 1300 pe-

407 1308 586 1361 rituri.
637 1309 901 1363 Celtiberi
926 1312 1091 1363 etiam
1115 1312 1273 1363 nefas
1299 1329 1422 1364 esse
1451 1312 1791 1376 ducebant‚4¹
1819 1316 2014 1381 praelio
2039 1332 2234 1384 super-

402 1409 544 1457 esse,
591 1411 719 1447 cum
744 1396 794 1447 is
821 1396 1140 1460 occidisset,
1174 1412 1275 1463 pro
1297 1396 1456 1464 cujus
1478 1397 1660 1448 salute
1684 1398 1975 1465 spiritum&
2000 1398 2234 1453 devove-

454 1575 467 1601 l
495 1576 542 1616 Si
560 1589 611 1671 σέ·
637 1578 732 1619 urbe
760 1579 1066 1619 Massiliensium
1084 1579 1199 1620 velim
1233 1580 1383 1631 egredi,
1410 1579 1509 1619 mihi
1541 1580 1712 1620 occurrit
1742 1581 1903 1633 antiqua
1932 1582 2002 1622 illa
2031 1582 2232 1622 Gallorum

401 1634 578 1670 consuetu
607 1644 644 1672 o.

1164 1713 1464 1728 θθθθθθθθθθθ

399 1796 452 1832 39
481 1793 693 1833 Perizonii
711 1794 867 1844 codex,
896 1808 1101 1846 egressus,-
1129 1797 1242 1837 unde
1278 1798 1348 1837 ille
1382 1798 1567 1846 egressis,
1595 1802 1644 1837 ut
1672 1797 1714 1836 in
1745 1796 1877 1837 Barb.
1899 1801 1938 1837 1.
1969 1801 2010 1838 2.
2043 1796 2166 1837 Leid.
2185 1802 2228 1838 6.

398 1847 525 1888 Harl.
545 1848 687 1888 Bitur.
709 1853 745 1888 l.
765 1854 809 1888 et
828 1850 929 1889 Vat.
950 1851 1097 1899 egressi
1118 1851 1275 1903 Ultraj.
1295 1855 1334 1892 2.
1394 1853 1497 1890 Mox
1518 1851 1706 1891 Gronov.
1735 1851 1788 1890 ad
1816 1851 1975 1890 Melam
2006 1851 2124 1890 malit
2153 1864 2229 1902 quo

397 1901 597 1941 memoria.
652 1902 821 1942 Deinde
839 1903 974 1943 Barb.
992 1907 1031 1943 2.
1059 1904 1215 1955 Copes.
1252 1906 1373 1945 Harl.
1393 1906 1521 1944 Voss.
1551 1905 1673 1944 Leid.
1706 1908 1747 1944 7.
1781 1903 1923 1957 (Leid.
1941 1907 1982 1944 6.
2003 1917 2027 1944 a
2047 1903 2232 1955 m.»sec.)

396 1953 560 2004 Ultraj.
583 1957 623 1994 1.
642 1955 785 1995 Bitur.
807 1959 844 1995 1.
864 1957 1063 1996 Perizon.
1092 1963 1138 1997 et
1156 1959 1256 1998 Vat.
1288 1971 1384 1998 cum
1403 1959 1505 1999 Vet.
1535 1959 1656 2009 Mog.
1677 1959 1853 1998 Venett.
1884 1957 2062 1998 Mediol.
2093 1956 2225 1997 Aldd.

394 2008 478 2046 &c-
499 2008 706 2048 exhibent
725 2011 839 2049 datas
860 2022 936 2059 pro
956 2012 1050 2050 dare
1068 2011 1218 2051 solitos.
1276 2012 1478 2052 Nostram
1500 2012 1602 2052 lect.
1623 2024 1677 2050 ex
1698 2011 1864 2051 Winck.
1884 2010 2021 2050 edidit
2037 2010 2225 2062 Pighius.

390 2063 498 2099 -40
529 2060 599 2101 Ita
616 2061 743 2101 codd.
763 2069 806 2102 et
828 2063 925 2103 edd.
947 2070 1054 2104 vett.
1072 2063 1120 2103 τὸ
1136 2066 1284 2115 gaudio
1305 2066 1426 2106 deest
1447 2066 1488 2103 in
1505 2066 1628 2115 Pigh.
1648 2070 1692 2104 et
1710 2077 1804 2116 quae
1824 2064 2030 2116 deinceps
2050 2069 2225 2104 secutae.

394 2113 498 2153 Tres
518 2115 695 2157 Torren.
715 2118 914 2170 exultant,
940 2123 986 2157 et
1005 2118 1133 2170 paulo
1153 2125 1268 2170 post,
1299 2119 1680 2159 lamentantur.—-4l
1710 2119 1795 2158 Sex
1815 2117 1996 2158 Torren-
2013 2129 2109 2158 cum
2124 2119 2225 2165 Vct.¹

1219 2239 1396 2281 NOTAE

1338 2347 1484 2400 ibique
1504 2351 1599 2387 60⁰.
1626 2347 1847 2398 discipulis
1876 2345 2038 2398 floruit,
2065 2351 2218 2396 Μετεμ-

1337 2409 1549 2462 ψυχῶσεως
1567 2410 1726 2461 primus
1747 2415 1975 2450 astructor.

447 2343 459 2368 ⁸
486 2343 695 2395 Broc-cati]
723 2344 867 2385 Gallia
886 2346 1080 2386 omnibus
1101 2359 1154 2387 ex
1174 2360 1270 2399 par-

393 2405 506 2444 tibus
546 2406 739 2457 Oceano,
776 2407 999 2460 Pyrenaeis
1036 2410 1270 2460 montibus,

392 2467 590 2520 Alpibus,
618 2470 784 2522 Rheno,
814 2477 860 2510 et
883 2472 991 2511 mari
1010 2473 1269 2513 Mediterra-

389 2544 471 2572 neo
490 2533 871 2574 circumscribitur.
912 2536 1146 2587 Multiplex
1167 2538 1267 2577 olim

389 2595 502 2635 illius
539 2597 692 2637 divisio
725 2596 825 2648 fuit,
853 2598 894 2637 in
930 2599 1190 2650 Cisalpinam
1224 2605 1270 2641 et

384 2658 725 2711 Transalpinam,
739 2662 961 2712 Togatam,
975 2662 1213 2711 Comatam,
1224 2671 1270 2705 et

389 2721 660 2773 Braccatam,
704 2737 797 2775 qnae
832 2730 929 2764 erat
973 2725 1270 2766 Narbonensis

390 2784 680 2826 Romanorum
702 2788 947 2828 Provincia.
1004 2790 1070 2829 De
1091 2790 1186 2830 aliis
1207 2791 1271 2830 di-

389 2848 623 2890 visionibus
645 2851 760 2892 alias.

447 2919 465 2939 ¹²
493 2915 713 2966 Palliatus]
746 2915 843 2956 Hoc
867 2923 950 2968 est,
977 2916 1156 2957 Graecus
1175 2918 1272 2958 Phi-

388 2975 607 3027 losophus,
650 2978 763 3030 quod
802 2979 945 3030 pallio,
992 2992 1085 3019 cum
1127 2981 1272 3021 Graeci

388 3052 535 3080 omnes
564 3046 652 3081 tum
685 3042 866 3082 maxime
898 3043 1146 3096 Philosophi
1175 3051 1268 3086 ute-

387 3110 553 3144 rentur.

438 3175 456 3194 v
485 3169 754 3221 Pythagoras]
796 3170 1044 3210 Mnezarchi
1089 3172 1266 3210 annulo-

384 3243 475 3270 rum
495 3233 723 3284 sculptoris
741 3231 868 3284 filius,
885 3246 940 3273 ex
958 3233 1106 3273 Insula
1124 3234 1266 3286 Samo,

384 3294 652 3347 Pherecydis
705 3296 959 3347 discipulus,
1005 3302 1051 3337 et
1097 3296 1263 3337 Italicae

382 3356 666 3409 Philosophiae
687 3358 929 3410 Princeps;
960 3360 1029 3411 qui
1053 3365 1152 3411 post
1170 3359 1261 3398 diu-

381 3425 548 3460 turnam
578 3422 969 3474 peregrinationem
1001 3435 1197 3463 reversus
1218 3424 1262 3463 in

382 3484 584 3535 patriam,
611 3486 844 3536 Polycrate
876 3486 1014 3527 adhuc
1043 3487 1087 3526 in
1114 3499 1165 3526 ea
1184 3487 1260 3526 do-

381 3547 583 3599 minante,
614 3548 844 3589 Crotonem
878 3549 921 3589 in
950 3549 1082 3590 Italia
1116 3549 1259 3602 petiit,

1391 2479 1416 2499 W
1446 2471 1710 2522 Cimbrorum]
1737 2473 1822 2515 Qui
1851 2473 2027 2512 insulam
2056 2472 2214 2512 i'ncole-

1337 2536 1441 2576 bant
1473 2547 1608 2587 prope
1628 2534 1750 2576 Albis
1772 2535 1899 2587 ostia,
1926 2535 2054 2575 hodie
2077 2536 2213 2574 Dune-

1335 2600 1484 2650 morck,
1519 2600 1587 2638 vel
1617 2598 1813 2650 Silandia,
1853 2598 2044 2651 acceptis
2077 2611 2103 2638 a
2134 2599 2217 2638 Ro-

1336 2664 1471 2703 manis
1493 2662 1685 2703 cladibus
1706 2662 1925 2703 notissimi.
2193 2715 2198 2719 .

1391 2733 1413 2752 x
1443 2725 1743 2777 Celtiberorum]
1772 2726 1856 2768 Qui
1885 2724 2004 2766 Iberi
2032 2723 2216 2765 fluminis

1340 2789 1456 2841 ripas
1476 2788 1746 2839 habitabant,
1764 2801 1818 2828 ex
1834 2787 1980 2828 Strab-

1393 2861 1412 2889 Υ
1441 2855 1524 2894 Pro
1557 2855 1667 2906 cujus
1701 2853 1825 2893 salute
1854 2851 2055 2904 spiritum]
2085 2851 2215 2894 Quod

1340 2917 1395 2957 de
1417 2917 1645 2958 Celtiberis
1661 2915 1855 2956 Valerius
1880 2919 1926 2955 et
1940 2914 2217 2967 Plutarchus,

1339 2980 1454 3020 idem
1490 2980 1543 3019 de-
1573 2979 1707 3020 Gallis
1739 2977 1934 3030 prodidit
1963 2977 2110 3018 Caesar
2138 2978 2213 3019 lib.

1338 3056 1412 3084 111.
1443 3043 1562 3094 cnjus
1597 3044 1689 3084 haec
1710 3042 1860 3083 ‘verba
1895 3048 2019 3083 sunt:
2057 3043 2070 3065 ‘
2105 3042 2213 3095 Cum

1336 3108 1562 3149 Sexcentis
1582 3108 1763 3154 devotis,
1779 3119 1883 3159 quos
1903 3106 2119 3147 Soldurios
2139 3117 2215 3157 ap·

1335 3172 1513 3222 pellant,
1535 3182 1714 3223 quorum
1733 3170 1824 3210 haec
1843 3174 1910 3209 est
1924 3168 2136 3216 conditio;
2163 3173 2213 3207 ut

1334 3235 1527 3274 omnibus
1549 3235 1591 3273 in
1619 3233 1708 3273 vita
1738 3231 1969 3273 commodis
2001 3243 2086 3271 una
2114 3243 2212 3271 cum

1332 3297 1397 3335 his
1417 3295 1627 3346 fruantur,
1651 3307 1828 3348 quorum
1848 3306 1894 3333 se
1916 3293 2116 3334 amicitiae
2137 3293 2211 3333 de-

1331 3361 1558 3400 diderunt:
1577 3360 1613 3399 si
1633 3359 1734 3412 quid
1756 3359 1807 3398 iis
1829 3370 1907 3410 per
1925 3358 2010 3398 v'im
2026 3358 2211 3409 accidat,

1329 3429 1403 3464 aut
1438 3423 1619 3463 eundem
1654 3434 1796 3462 casum
1831 3434 1916 3462 una
1947 3420 2104 3468 ferant,
2134 3428 2211 3463 aut

1328 3486 1410 3526 sibi
1437 3490 1618 3526 mortem
1649 3485 1944 3526 consciscant:
1974 3497 2116 3538 neque
2135 3485 2210 3525 ad-

1325 3550 1407 3591 huc
1440 3550 1656 3591 hominum
1689 3548 1894 3589 memoria
1921 3552 2120 3601 repertus
2140 3552 2207 3588 est
