2242 3958
369 292 441 350 68

367 437 413 472 et
432 431 711 471 Fidenatibus
731 431 852 472 multi
867 428 1071 472 Consules
1090 422 1236 471 nume-

366 502 532 542 rantur,
551 495 734 534 Tribuni
754 496 960 534 militares
989 494 1123 533 multo
1145 495 1236 545 plu·

365 570 453 597 res:
485 571 538 598 ex
554 558 702 598 Alialis
731 558 814 598 duo
835 563 975 597 tresve
998 557 1203 597 Consules
1226 570 1238 606 3

366 631 420 660 ex
440 622 620 661 structis
642 633 747 660 unus
766 627 810 660 et
830 621 965 670 alter3
993 620 1046 659 de
1066 620 1236 672 quibus,

1017 312 1096 350 DE
1140 311 1538 352 ROMANORUM

1305 430 1418 483 quod
1451 435 1655 471 nascente
1702 430 1942 483 Republica
1982 432 2037 473 ab
2068 444 2181 474 anuo

1303 496 1397 534 250.
1442 495 1495 533 ad
1530 497 1624 534 400.
1657 492 1907 545 floruerunt,
1934 497 2034 536 nihil
2063 497 2180 538 dicc-

1303 568 1422 606 mus;
1451 557 1506 596 de
1526 557 1618 596 aliis
1641 557 1843 597 breviter.

436 782 792 834 SERVILII
833 781 1153 847 GEMINI,
1195 783 1630 850 cAEPIONEs,
1670 786 1769 839 ET
1805 747 2093 840 VAclAE.

418 918 615 959 Punmus
647 920 859 960 Gnmnws
892 920 956 960 bis
977 921 1150 973 Consul,
1182 935 1245 963 se·

1312 924 1489 964 sortitus
1521 925 1773 976 Hispaniam
1806 923 1943 964 foedns
1977 925 2031 964 ab
2047 925 2182 976 ipsius

313 1021 316 1024 Α
360 986 444 1024 mel
464 997 573 1023 anno
592 988 688 1023 501.
708 985 860 1025 iterum
876 998 988 1026 anno
1005 991 1099 1026 505.
1117 993 1242 1038 pater
1309 988 1445 1027 fratre
1476 990 1530 1030 Q.
1562 988 1692 1033 Fabio
1719 988 1959 1028 Serviliano
1993 1001 2089 1027 cum
2107 989 2183 1027 Vi·

368 1047 452 1087 fuit
471 1048 594 1088 Cneii
614 1048 812 1098 Gemini3
840 1050 910 1101 qui
939 1051 1096 1090 Consul
1129 1063 1238 1090 anno

361 1116 455 1151 536.
487 1111 741 1151 Annibalem
773 1113 972 1152 Fabianis
992 1113 1154 1153 artibus
1182 1113 1236 1152 ad

360 1186 565 1214 summam
579 1175 764 1227 inopiam
782 1175 970 1227 redegit3
993 1177 1130 1227 cujus,
1145 1178 1235 1228 opi-

360 1250 454 1288 nor,
481 1237 559 1277 filii
589 1239 718 1278 Caius
749 1243 791 1276 et
817 1239 1005 1285 Marcus,
1034 1238 1104 1277 ille
1126 1239 1235 1278 Cou-

360 1302 426 1340 sul
444 1313 551 1340 anno
577 1305 671 1341 550.
700 1301 767 1340 hic
796 1305 985 1340 nontam
1003 1301 1236 1341 Consulatu

360 1376 484 1416 quem
506 1377 616 1405 anno
636 1368 732 1406 551.
758 1365 906 1416 gessit,
934 1376 1059 1416 quam
1080 1364 1238 1403 eximia

359 1426 487 1466 animi
504 1428 783 1480 corporisque
817 1425 1069 1466 fortitudine
1100 1427 1237 1465 clarus

359 1490 534 1539 extitit3
562 1490 767 1541 singulari
785 1490 894 1528 enim
922 1489 1157 1529 certamine
1179 1489 1238 1528 vi·

359 1553 447 1593 cies
482 1559 526 1594 et
555 1554 699 1594 tricies
729 1554 880 1592 vicisse
904 1552 1076 1593 dicitur.
1129 1552 1238 1592 Sunt

359 1621 500 1656 tamen
520 1617 592 1671 qui
609 1616 768 1657 fratres
785 1616 877 1655 illos
897 1614 1238 1656 Plebeiosfuisse

356 1679 505 1721 velint.

412 1742 608 1783 Geminis
637 1747 782 1783 tamen
823 1740 1030 1793 praestitit
1073 1740 1239 1792 Caepio-

356 1818 457 1846 num
483 1805 646 1846 familia
669 1817 702 1846 1.
733 1805 867 1845 Cneio
904 1803 1100 1855 Caepioni
1131 1815 1238 1842 anno

359 1873 455 1909 500.
501 1868 675 1910 Consuli
716 1867 828 1907 filius
861 1865 959 1917 fuit,
987 1877 1042 1906 11.
1080 1867 1239 1906 Cneius

359 1935 465 1973 item
488 1933 644 1974 Consul
666 1944 776 1972 anno
794 1936 888 1972 550.
915 1942 970 1969 ex
1006 1941 1088 1981 qno
1122 1930 1238 1980 geni-

356 2001 426 2035 tus
443 2007 515 2035 111.
547 1995 704 2035 Cneius
719 1995 790 2034 ille
811 1993 962 2045 Caepio
996 1993 1232 2031 Consulatu

358 2058 532 2110 quidem
553 2071 663 2098 anno
679 2061 774 2097 584.
789 2056 991 2107 insignis3
1014 2054 1090 2094 sed
1106 2054 1232 2094 trium

359 2121 543 2162 filiorum
569 2122 704 2173 gloria
736 2121 946 2161 illustrior
982 2118 1052 2171 qui
1087 2129 1235 2157 omnes

359 2185 640 2226 Consulatum
671 2184 819 2236 adepti
838 2189 951 2233 sunt,
979 2194 1041 2221 1v.
1082 2181 1138 2222 Q.
1158 2181 1236 2219 Fa-

358 2248 453 2288 bius
482 2248 745 2288 Servilianus
779 2247 822 2286 in
854 2249 1028 2299 gentem
1065 2244 1240 2284 Fabiam

356 2313 586 2363 adoptatus
619 2324 727 2350 anno
754 2313 850 2350 611.
873 2321 940 2350 1v.
970 2308 1125 2349 Cneius
1145 2312 1242 2348 612.

357 2381 403 2416 et
419 2388 485 2418 w.
514 2376 698 2419 Quintus
718 2378 815 2416 613.
836 2374 911 2427 qui
928 2385 981 2414 ex
1003 2372 1238 2413 Consulatu

904 2553 1139 2616 GENS

413 2695 649 2734 Sum‘lctos
697 2704 860 2743 omneS,
902 2693 975 2732 alii
1022 2692 1235 2732 Patricios

354 2756 488 2797 fuisse
509 2758 671 2804 volunt,
706 2756 777 2795 alii
811 2755 1034 2795 nonnullos
1064 2756 1234 2808 quidem

358 2820 591 2870 Patricios,
612 2820 716 2859 alios
735 2831 838 2858 vero
873 2819 1090 2870 plebeios3
1120 2818 1235 2870 quod

354 2884 495 2923 verius
528 2889 704 2934 putem:
750 2881 912 2922 Galbas
943 2882 1055 2922 enim
1093 2882 1237 2921 Patri-

357 2947 446 2987 cios
464 2960 476 2997 ;
500 2945 631 2986 Rufos
642 2958 742 2985 vero
762 2945 956 2998 plebeios
975 2957 1030 2984 ex
1050 2937 1235 2997 antiquis

355 3010 546 3051 denariis
580 3015 766 3060 constat,
798 3009 914 3048 Gens
949 3009 1024 3048 illa
1054 3008 1236 3048 oriunda

357 3074 553 3115 Camerio
571 3071 747 3125 oppido,
772 3071 887 3111 unde
903 3071 1116 3112 Camerini
1142 3083 1236 3121 cog-

356 3149 510 3176 nomen
548 3136 766 3184 desumsit,
793 3135 835 3174 in
867 3135 1024 3174 multas
1051 3132 1235 3172 familias

360 3200 498 3240 divisa
536 3206 624 3250 est;
662 3199 836 3238 fuerunt
866 3197 978 3237 enirn
1007 3196 1234 3246 Camerini,

360 3265 512 3315 Longi,
524 3263 818 3313 Saverriones,
838 3260 993 3311 Petici,
1010 3259 1123 3311 Rufi,
1136 3260 1236 3300 Gal·

358 3327 404 3377 li,
419 3326 658 3376 Paterculi,
682 3325 847 3375 Galbae,
867 3326 949 3364 &c.

414 3390 451 3428 E
471 3390 706 3428 Camerinis
725 3388 849 3428 multi
877 3387 1050 3440 quidem
1080 3387 1237 3427 Consu-

359 3454 495 3492 latum
524 3452 668 3503 adepti
697 3459 823 3501 sunt;
851 3456 895 3491 at
923 3463 1019 3491 cum
1039 3457 1140 3490 ante
1164 3462 1236 3489 an·

359 3528 461 3555 num
484 3516 611 3555 Urbis
629 3519 723 3555 450.
745 3513 995 3563 floruerint;
1024 3513 1079 3555 de
1092 3514 1153 3554 bis
1176 3514 1237 3553 ni-

1309 1051 1446 1091 riatho
1462 1052 1611 1092 initum
1632 1052 1805 1092 rescidit
1823 1065 1836 1101 ;
1862 1052 2064 1103 illumque
2083 1063 2179 1091 cum

1307 1115 1434 1153 armis
1464 1127 1549 1154 non
1580 1121 1741 1166 posset,
1768 1114 1930 1154 insidiis
1952 1126 2001 1154 ac
2032 1112 2181 1152 fraude

1304 1189 1382 1228 per
1414 1178 1525 1217 illius
1564 1179 1724 1217 amicos
1748 1178 1943 1218 sustulit:
1972 1183 2098 1216 natus
2126 1189 2181 1217 ex

1302 1250 1353 1278 eo
1387 1250 1430 1278 v.
1459 1241 1514 1281 Q.
1535 1240 1705 1291 Caepi03
1734 1240 1806 1292 qui
1833 1245 1932 1291 post
1952 1244 2181 1290 praeturam

1304 1306 1349 1340 et
1367 1301 1573 1354 triumphi
1597 1303 1731 1342 decus
1763 1314 1817 1341 ex
1847 1302 2056 1354 Hispania
2075 1302 2182 1341 ulte-

1304 1365 1414 1403 riore
1435 1370 1480 1404 et
1500 1377 1610 1405 anno
1630 1368 1725 1405 647.
1766 1364 2043 1404 Consulatum
2071 1375 2181 1404 asse-

1305 1435 1430 1467 cutus
1459 1433 1557 1468 est:
1585 1433 1630 1467 at
1660 1428 1788 1479 paulo
1813 1431 1928 1479 post,
1954 1427 2053 1466 dum
2073 1427 2182 1466 Pro-

1307 1492 1454 1530 consul
1492 1491 1680 1532 Galliam
1718 1497 1908 1542 regeret,
1945 1491 1999 1530 ob
2033 1502 2180 1529 aurum

1305 1555 1572 1606 Tolosanum,
1590 1560 1638 1594 ut
1654 1561 1743 1594 tum
1761 1554 1972 1594 creditum
1992 1562 2074 1600 est,
2095 1553 2182 1592 vic-

1307 1623 1376 1657 tus
1398 1630 1422 1657 a
1441 1617 1627 1657 Cimbris
1658 1618 1700 1656 in
1734 1627 1908 1657 carcere
1934 1617 2088 1656 misere
2108 1628 2182 1668 pe-

1306 1682 1379 1721 riit
1396 1694 1407 1720 :
1436 1682 1449 1704 ‘
1463 1683 1528 1721 vir
1547 1692 1645 1722 acer
1665 1687 1710 1721 et
1729 1679 1883 1730 fortis,'
1904 1680 2041 1732 inquit
2061 1680 2182 1719 Cice·

1307 1756 1371 1795 ro,
1399 1748 1410 1767 ‘
1431 1745 1501 1784 cui
1532 1743 1705 1784 fortuna
1732 1743 1833 1783 belli
1866 1742 2048 1794 crimini,
2075 1742 2184 1782 iuvi-

1309 1808 1378 1848 dia
1403 1808 1549 1860 populi
1568 1806 1803 1847 calamitati
1834 1804 1945 1845 fuit!
2042 1860 2048 1865 ·

1361 1871 1414 1910 P.
1436 1870 1642 1910 Servilius
1674 1868 1824 1919 Vacia,
1845 1868 1950 1908 Caio
1970 1867 2184 1908 Praetorio

1307 1940 1446 1984 naum,
1465 1933 1741 1973 Consulatum
1755 1931 1941 1971 obtinuit
1959 1942 2068 1970 anno
2088 1934 2182 1984 674.

1301 2002 1346 2037 et
1380 1996 1635 2049 expugnatis
1662 1995 1903 2035 Isaurorum
1922 1993 2107 2049 oppidis,
2126 2005 2183 2032 ex

1302 2060 1407 2100 Asia
1425 2067 1472 2100 et
1490 2058 1693 2111 triumphi
1710 2058 1914 2098 bonorem
1933 2065 1978 2098 et
2002 2057 2182 2096 Isaurici

1304 2135 1542 2175 cognomen
1579 2122 1744 2162 retulit.
1816 2121 1920 2172 Ejus
1965 2121 2078 2160 filius
2125 2121 2180 2160 P.

1306 2186 1523 2226 Isauricus
1540 2185 1606 2226 bis
1625 2185 1783 2226 Consul
1797 2182 1894 2235 fuit,
1923 2185 2051 2224 semel
2071 2195 2184 2223 anno

1306 2252 1400 2289 705.
1420 2260 1516 2288 cum
1552 2249 1601 2288 C.
1635 2248 1821 2297 Caesare,
1853 2247 1974 2298 cujus
2009 2248 2180 2286 nomine

1310 2309 1424 2351 Asiae
1460 2310 1654 2364 praefnit,
1682 2310 1835 2350 iterum
1863 2322 1959 2350 cum
1981 2309 2027 2349 L.
2049 2308 2180 2348 Anto-

1306 2373 1376 2413 nio
1405 2385 1516 2413 anno
1534 2376 1629 2413 712.

1207 2551 1645 2615 SULPICIA.

1303 2692 1362 2731 hil
1380 2691 1587 2731 dicemus.
1618 2691 1655 2730 E
1676 2691 1849 2741 Longis,
1867 2690 1994 2730 Caius
2012 2688 2180 2741 Longus

1305 2754 1466 2805 triplici
1484 2754 1718 2794 Consulatu
1739 2764 1849 2791 anno
1864 2756 1959 2792 416.
1976 2755 2071 2790 430.
2086 2754 2181 2805 439.

1306 2819 1556 2866 metatura,
1586 2816 1638 2855 de
1670 2814 1930 2855 Samnitibus
1965 2814 2179 2865 triumpho

1304 2881 1445 2920 clarus
1465 2878 1563 2918 fuit.
1604 2879 1641 2918 E
1659 2878 1840 2927 Peneis,
1858 2877 1987 2916 Caius
2009 2877 2180 2915 Peticus

1305 2943 1491 2995 quinque
1512 2940 1815 2983 consulatibus
1844 2951 1954 2978 anno
1981 2942 2180 2980 389-392.

1306 3007 1511 3055 Censura,
1524 3005 1703 3046 victoria
1716 3002 1770 3043 de
1783 3003 1932 3053 Gallis,
1945 3007 1990 3042 et
2003 3002 2057 3041 de
2073 3001 2182 3041 Her·

1303 3064 1411 3109 uicis
1432 3070 1645 3119 triumpho
1665 3081 1674 3107 :
1711 3079 1734 3106 e
1753 3065 2072 3106 Saverrionibus
2095 3064 2179 3103 duo

1305 3132 1450 3172 Publii
1477 3132 1710 3171 Consulatu
1732 3141 1840 3170 anno
1853 3133 1946 3169 449.
1965 3134 2010 3168 et
2039 3131 2133 3168 474.
2154 3140 2178 3166 e

1305 3194 1442 3235 Gallis
1455 3195 1580 3234 Caius
1599 3206 1763 3232 summa
1791 3191 2049 3239 eruditione,
2069 3190 2179 3229 Con-

1302 3261 1442 3300 sulatu
1462 3273 1572 3299 anno
1591 3263 1685 3299 587.
1707 3264 1750 3298 et
1770 3257 1823 3296 de
1853 3257 2080 3308 Liguribus
2104 3258 2179 3295 tri-

1302 3325 1478 3375 umpho.
1506 3321 1795 3362 EPaterculis
1815 3321 1999 3363 Quintus
2017 3321 2179 3360 Consu-

1304 3387 1394 3426 latu
1419 3398 1530 3425 anno
1548 3389 1640 3425 495.
1661 3390 1704 3424 et
1725 3383 1939 3435 triumpho
1960 3383 2014 3423 de
2035 3384 2179 3423 Poenis

1304 3449 1494 3488 illustris.
1525 3449 1561 3487 E
1582 3446 1769 3487 Quirinis
1789 3446 1889 3494 duo,
1911 3446 2051 3485 Publii
2069 3446 2177 3486 Con-

1305 3513 1447 3551 sulatu
1482 3522 1591 3550 anno
1627 3513 1722 3550 717.
1750 3517 1796 3550 et
1824 3513 1919 3550 741.
1941 3522 2024 3561 quo
2053 3521 2178 3558 anno,
