2352 4022
387 317 494 393 374
868 329 1126 368 VALERH
1168 328 1408 366 MAxnm
1452 329 1572 369 Lm.
1613 330 1705 370 111.

387 448 635 517 ejusdem
681 447 1055 500 adolescentia
1095 446 1152 497 in
1191 462 1389 513 pecore
1428 448 1711 515 pascendo
1755 449 1858 502 fuit
1895 461 2205 522 occupata:

387 534 624 586 validior
673 539 807 585 aetas
851 531 1136 598 imperium
1164 529 1482 583 Romanum
1519 533 1685 596 rexit,
1731 540 1787 585 et
1826 534 2210 603 duplicavitss’

389 625 648 670 senectus
670 615 1149 668 excellentissimis
1176 617 1509 668 ornamentis
1535 616 1795 672 decorata
1833 620 1891 672 in
1931 621 2208 676 altissimo

389 703 697 772 majestatis
724 699 943 766 fastigio
969 699 1167 752 fulsit.⁴'

462 789 514 840 2.
542 786 748 839 Verum
764 785 981 848 Tullus,
1008 785 1116 836 etsi
1141 801 1380 852 magnus
1398 792 1415 824 ⁵
1441 790 1497 839 et
1509 787 2210 856 admirabilisincrementi,

392 870 756 922 domesticum
818 876 1003 921 tamen
1049 870 1365 938 exemplum
1415 875 1517 924 est.
1614 870 1982 940 Tarquinium
2031 879 2214 927 autem

395 954 649 1007 Priscum
676 953 747 1006 ad
775 953 1092 1006 Romanum
1136 955 1426 1022 imperium
1470 958 1859 1025 occupandum
1896 959 2117 1012 fortuna
2155 959 2212 1011 in

392 1039 583 1103 urbem
603 1045 857 1091 nostram
884 1040 1147 1092 advexit:
1187 1039 1448 1104 alienum,
1487 1042 1637 1110 quod
1675 1048 1854 1096 ortum
1876 1038 2216 1096 Corin‘tho'26

393 1123 808 1188 fastidiendum,
835 1124 987 1192 quod
1012 1131 1314 1177 mercatore
1356 1126 1658 1180 Demarato
1683 1129 1924 1195 genitum
1945 1145 1966 1183 a
1997 1129 2218 1181 erubes-

394 1208 645 1272 cendum,
669 1210 822 1277 quod
847 1211 1015 1262 etiam
1038 1210 1243 1261 exule.⁰
1316 1209 1714 1264 Ceterumtam
1739 1230 2071 1283 prosperum
2086 1229 2218 1267 con—

396 1293 620 1346 ditionis
646 1310 763 1346 suae
787 1301 1047 1347 eventum
1072 1295 1346 1348 industria
1368 1313 1470 1348 sua
1493 1314 1593 1365 pro
1617 1298 1896 1351 invidioso
1920 1299 2220 1366 gloriosum

378 1378 677 1432 *reddidity
756 1380 1025 1434 Dilatavit
1050 1381 1233 1433 enimd
1270 1382 1486 1450 imperii
1506 1383 1683 1447 fineS,⁸
1722 1385 1928 1437 cultum
1953 1383 2222 1436 Deorum·

1157 1500 1460 1517 ΟΟθΝθΦΝΝΟ

396 1568 588 1609 altissima
607 1568 765 1609 Brand.
789 1573 826 1609 1.
847 1573 967 1610 2.-—5
999 1570 1067 1610 Sic
1087 1570 1155 1610 ed.
1175 1571 1295 1622 Mog
1329 1576 1374 1611 et
1405 1571 1600 1624 plerique
1629 1572 1738 1612 Mss.
1795 1571 1855 1613 At
1872 1572 1975 1612 Vet.
1995 1583 2091 1612 cum
2111 1571 2224 1621 Ultr-

398 1624 522 1675 prim.
541 1622 659 1664 delet
678 1628 731 1664 et.
791 1624 919 1664 Bai-,b
940 1631 1121 1676 uterque
1139 1637 1233 1664 cum
1255 1625 1431 1677 reliquis
1452 1626 1578 1667 editt.
1606 1625 1744 1676 magni
1772 1631 1826 1666 et.
1866 1627 2046 1666 Venett.
2065 1624 2113 1665 Si
2135 1625 2228 1665 Tuz-

396 1679 473 1718 lius
490 1690 668 1727 magnus.
723 1678 829 1717 Mox
849 1677 918 1717 ed.
938 1679 974 1717 V
978 1685 1037 1719 et.
1057 1679 1236 1718 Priscum
1266 1691 1351 1718 non
1380 1680 1590 1730 agnoscit.
1595 1684 1675 1720 —6
1703 1681 1715 1702 ‘
1733 1679 1802 1720 Sic
1821 1680 1944 1720 dedit
1962 1678 2141 1730 Pighius
2171 1690 2227 1718 ex

399 1743 483 1771 uno
503 1732 726 1783 alteroque
747 1731 911 1772 codice.
969 1731 1107 1771 Aldus
1141 1733 1203 1770 sic
1230 1732 1455 1773 ediderat:
1485 1733 1670 1773 Alienum
1706 1735 1807 1785 quod
1836 1738 2043 1773 exactum.-
2069 1732 2228 1773 alienia·
2271 1729 2276 1732 ’

398 1797 496 1835 rem,
520 1787 618 1836 quod
638 1789 764 1824 ortum
785 1786 973 1824 Corintho
989 1798 1002 1832 ‚·
1018 1785 1325 1836 fastidiendum,
1342 1788 1442 1838 quod
1459 1792 1671 1827 mercatore
1686 1788 1888 1837 genitum:
1917 1785 2228 1837 erubescendum,

400 1840 499 1890 quod
531 1841 649 1878 eciam
683 1840 794 1878 exule
831 1839 1045 1879 Demarato
1079 1844 1216 1879 natum
1247 1844 1374 1891 patre.
1435 1841 1494 1879 Et
1527 1843 1588 1881 sic
1625 1842 1725 1882 Vet.
1765 1853 1861 1881 cum
1896 1842 1987 1880 aliis
2020 1840 2146 1880 editt.
2185 1844 2232 1879 et

404 1893 621 1944 plerisque
639 1893 747 1933 Mss.
779 1893 1058 1933 Perizonius:
1094 1894 1293 1944 Alienum,
1322 1896 1421 1945 quod
1446 1895 1680 1935 Etruscum.-
1705 1895 1944 1946 alieniorem,
1971 1895 2070 1946 qaod
2101 1898 2231 1933 ortum

406 1947 610 1997 Corintho,
628 1959 723 1998 quae
752 1947 1000 1999 conjectura
1032 1948 1238 1987 Torrenio
1271 1948 1494 1988 laudabilis
1529 1949 1713 1990 videtur.
1767 1948 1922 1988 Aldina
1956 1954 2075 1989 certe
2101 1947 2232 1988 lectio

400 2002 582 2050 glossam
621 2001 800 2040 izedolet
858 2001 967 2040 Mihi
998 2000 1170 2053 quidem
1203 2002 1416 2053 Pigliiana
1450 2003 1608 2042 ceteris
1641 2002 1814 2042 videtin·
1845 2001 2140 2054 praeferenda3
2169 2000 2232 2041 ita

404 2061 562 2105 tamen,
575 2061 623 2093 ut
642 2060 804 2105 putem,
823 2055 1039 2094 Demarato
1069 2067 1122 2095 ex
1156 2056 1347 2106 margine
1374 2057 1416 2095 in
1446 2062 1613 2097 textum
1643 2057 1879 2109 irrepsisse.
1884 2055 2059 2108 ’Kapp.
2061 2057 2141 2096 -7
2162 2054 2234 2095 Ita

404 2108 543 2149 edidit
580 2108 812 2148 'lorrenius
855 2109 1064 2159 probante
1103 2109 1304 2160 Kappi03
1351 2117 1396 2150 ot
1442 2111 1501 2150 ita
1546 2111 1707 2151 Cauch.
1747 2110 1859 2151 Edd.
1898 2115 2009 2150 vett.
2046 2109 2232 2150 habent.

408 2163 455 2202 C.
477 2168 508 2202 t.
525 2175 566 2214 p.
589 2177 624 2203 c.
644 2175 675 2202 s.
692 2167 887 2212 eventum,
904 2163 1158 2211 industrium,
1184 2176 1255 2214 pro
1282 2164 1503 2213 invidioso;
1527 2166 1743 2215 gloriosum
1768 2178 1842 2217 pro
1873 2162 1999 2204 inviso
2030 2163 2235 2211 reddidit3

403 2217 521 2268 Mog.
560 2218 608 2257 C.
637 2221 720 2256 tam
749 2217 792 2256 in
821 2217 1017 2268 prosperis
1050 2230 1084 2256 c.
1114 2230 1145 2256 s.
1177 2231 1210 2257 e.
1241 2217 1536 2264 industriosum,
1562 2231 1635 2271 pro
1668 2219 1795 2259 inviso
1823 2231 1866 2269 g.
1895 2217 2098 2266 redemta,-
2125 2228 2235 2256 unus

406 2271 559 2311 Rhem.
583 2271 678 2311 Tam
697 2271 739 2310 in
757 2283 798 2322 p.
817 2284 848 2311 c.
868 2284 900 2310 ε.
923 2284 956 2311 e.
981 2271 1179 2311 industria
1212 2284 1284 2311 sua
1313 2285 1385 2323 pro
1419 2273 1609 2312 invidioso
1637 2274 1850 2323 gloriosum
1879 2272 2080 2320 wadiam
2110 2270 2235 2312 Harl.

410 2325 508 2364 Tam
524 2337 565 2377 p.
584 2339 617 2364 c.
635 2337 666 2364 s
684 2338 717 2365 e.
734 2325 946 2376 proinviso
959 2326 1172 2375 gloriosam
1189 2327 1391 2374 reddidit5
1420 2327 1568 2378 Camp.
1591 2331 1637 2366 et
1654 2327 1804 2367 Leidd.
1825 2330 1865 2368 2.
1883 2329 1921 2366 3.
1955 2327 2002 2365 C.
2021 2331 2104 2366 tam
2133 2337 2174 2377 p.
2201 2338 2236 2366 e.

404 2390 437 2418 s.
459 2392 491 2418 e.
518 2379 812 2427 industriosum,
838 2391 910 2429 pro
938 2380 1064 2419 inviso
1091 2391 1135 2429 g.
1164 2380 1366 2427 reddidit,
1395 2379 1549 2421 Atreb.
1581 2380 1866 2420 industriosum
1893 2391 1966 2431 pro
1996 2378 2165 2420 indiviso
2193 2391 2237 2428 g.

405 2433 602 2478 reddidit,-
627 2433 767 2473 Pulm.
791 2433 838 2472 C.
855 2437 885 2472 t.
905 2444 1135 2484 prosperoc.
1157 2445 1189 2472 s⁴
1211 2437 1347 2473 eventu
1374 2433 1667 2481 industriosum,
1693 2446 1767 2486 pro
1782 2434 1950 2473 indiviso
1973 2445 2017 2484 g.
2035 2432 2239 2479 reddidit,-

406 2486 578 2525 Winck.
602 2488 647 2526 C.
667 2491 698 2526 t.
722 2498 905 2538 prospero
924 2498 958 2524 c.
991 2499 1024 2529 s.
1058 2490 1210 2536 eventu,
1235 2486 1514 2528 industriosum
1543 2500 1615 2538 pro
1647 2487 1916 2538 ignominioso,
1942 2499 2014 2538 pro
2044 2486 2170 2526 inviso
2193 2496 2240 2535 g.

404 2539 606 2586 reddidit,·
634 2539 794 2581 Brand.
815 2543 853 2579 1.
875 2544 915 2579 2.
936 2540 1097 2591 Ultiaj.
1119 2543 1158 2579 1.
1180 2548 1226 2580 et
1246 2540 1429 2592 Hei-bip.
1462 2542 1509 2581 C.
1538 2545 1571 2581 t.
1597 2554 1639 2593 p.
1670 2554 1705 2581 c.
1731 2554 1763 2580 s.
1795 2553 1829 2582 e.
1860 2540 2140 2580 industriosum
2168 2552 2241 2591 pro

407 2594 598 2633 invidioso
615 2606 660 2644 g.
679 2594 881 2641 reddidit,
912 2594 1034 2634 Leid.
1056 2599 1093 2634 1.
1128 2598 1207 2633 tam
1232 2606 1483 2646 prosperoec.
1503 2607 1538 2636 s.
1558 2599 1736 2635 eventum
1756 2595 2036 2635 industriosum
2052 2604 2123 2646 pro
2138 2592 2245 2633 invi-

1243 2690 1418 2732 NOTAE

412 2775 530 2823 bino,
546 2780 634 2814 tum
654 2773 871 2823 Fidenati,
887 2771 1079 2822 interiit3
1101 2771 1205 2812 etin
1230 2770 1293 2812 fo·
1363 2773 1408 2814 C.
1432 2776 1499 2814 82.
1543 2771 1650 2814 Ant.
1671 2773 1749 2814 Ch.
1768 2775 1864 2813 670.

414 2851 461 2879 ro
499 2839 696 2889 sepultus
732 2845 798 2876 est
831 2850 855 2876 a
892 2835 1062 2876 duobus
1106 2835 1294 2888 Regibus
1415 2839 1433 2864 '⁰
1464 2838 1613 2890 Exule]
1643 2838 1743 2878 Non
1781 2837 1824 2876 vi
1858 2842 2003 2877 tamen
2037 2833 2242 2876 Corintho

414 2903 595 2944 Romulo
613 2908 657 2942 et
677 2901 833 2950 'l'atio;
863 2900 1147 2952 columnaque
1166 2910 1297 2951 super
1363 2902 1553 2954 ejectus3
1582 2901 1658 2941 sed
1676 2906 1832 2952 sponte
1858 2897 2006 2949 cessit,
2033 2909 2130 2938 cum
2163 2897 2247 2937 sibi

414 2967 625 3007 tumulum
664 2970 813 3005 erecta
857 2976 952 3004 cnm
1002 2963 1298 3015 inscriptione,
1363 2976 1388 3004 a
1425 2964 1646 3016 Cypsello,
1676 2964 1748 3003 vel
1783 2961 2023 3002 Periandro
2060 2966 2248 3013 tyranno

387 3069 389 3073 ,
414 3044 509 3085 quae
526 3030 638 3069 illius
655 3028 855 3068 virtutem
873 3027 985 3078 apud
1002 3032 1197 3078 posteros
1214 3031 1297 3065 tes·
1366 3029 1556 3069 timeret,
1612 3027 1864 3080 Tarquinius
1904 3027 2083 3066 Romam
2128 3023 2251 3064 venit

420 3101 601 3134 tarem?-
1373 3095 1451 3135 sub
1471 3095 1595 3135 Anco
1614 3093 1801 3142 Marcio,
1828 3103 1853 3131 a
1872 3101 1956 3142 quo
1975 3088 2161 3140 benigne
2180 3099 2252 3127 ex·

471 3158 490 3185 b
518 3155 768 3209 Duplicavit]
797 3155 893 3196 Rex
908 3153 1046 3194 faetus
1077 3152 1302 3200 Hostilius,
1371 3164 1543 3210 ceptus,
1572 3169 1668 3196 cum
1698 3155 1831 3207 ipsius
1863 3152 2038 3202 Marcii,
2067 3157 2157 3191 tum
2190 3150 2250 3189 ci-

419 3223 485 3263 vir
505 3223 625 3274 pacis
645 3222 849 3268 insolens,
875 3225 920 3260 et
950 3218 1004 3258 ad
1033 3217 1132 3257 belli
1162 3216 1305 3256 studia
1372 3222 1487 3262 vium
1520 3220 1706 3260 omnium
1736 3216 1968 3258 amicitiam
1995 3212 2078 3254 sibi
2111 3213 2253 3254 conci.

421 3287 578 3336 factus,
605 3284 786 3325 Albanis
823 3283 984 3323 bellum
1021 3279 1192 3329 indixit,
1234 3290 1303 3318 eo·
1371 3286 1509 3327 navit,

423 3363 516 3392 rum
538 3348 702 3389 excidit
721 3347 888 3397 urbem,
905 3346 1108 3396 civesque
1124 3342 1325 3382 Romam·
1352 3350 1365 3358 ”
1424 3349 1443 3376 d
1472 3346 1670 3390 Dilatavit
1700 3346 1819 3394 enim,
1850 3341 1939 3394 φη]
1965 3339 2152 3381 Fidenas
2185 3350 2252 3378 re.

424 3412 673 3454 transtulit:
705 3419 772 3454 tar
792 3407 1069 3460 triumphavit
1099 3406 1153 3446 de
1174 3405 1303 3445 Alba·
1371 3412 1611 3464 capia-avit,
1659 3407 1903 3456 Collatiam,
1964 3402 2255 3452 Corniculum,

427 3477 510 3526 nis,
529 3475 826 3525 Fidenatibus,
848 3481 893 3513 et
912 3471 1093 3512 Sabini&
1371 3478 1541 3528 aliaque
1561 3472 1722 3526 oppida
1740 3469 1904 3511 Latinis
1927 3467 2103 3516 ademit,
2131 3465 2256 3506 vicit-

481 3540 505 3565 *
537 3540 615 3582 An·
636 3540 699 3580 M·
721 3542 841 3608 2238&
889 3537 961 3578 01·
996 3539 1063 3577 27-
1096 3538 1136 3575 2·
1197 3533 1304 3575 Urb·
1374 3551 1458 3594 que
1475 3537 1654 3580 Sabinos
1673 3541 1718 3577 et
1737 3533 1959 3575 Hetruriae
1980 3530 2174 3584 populos.
