2294 3990
953 307 1224 353 Mflhl'rlA.

1960 296 2032 348 95

279 508 470 578 QUAE
508 507 777 564 PRIMA
816 505 1182 561 coHons:
1260 499 1452 571 QUAE
1489 463 1954 557 PRAETORIA.

243 638 410 678 PRuuA
430 637 581 677 cohors
608 637 784 688 ceteris,
803 647 901 676 cum
935 633 1075 686 digni-

190 707 284 743 tate
309 706 400 742 tum
416 701 601 741 militum
620 711 798 740 numero
816 697 1074 750 praestabat:

190 765 306 819 quod
333 765 376 805 iu
405 778 456 806 ea
482 764 667 804 Tribuni
701 769 746 804 et
772 763 1001 804 nobilitate
1032 768 1078 803 et

190 829 451 871 fortitudine
480 829 705 870 clarissimi
730 830 1005 880 legerentur3
1035 832 1080 867 et

190 894 425 946 interdum,
454 900 503 934 ut
530 893 684 933 scribit
710 892 939 944 Vegetius,
957 894 1080 932 1100.

192 957 365 1010 pedites
382 956 576 997 liaberet.
632 956 740 995 Erat
767 960 982 1007 praeterea
1009 966 1082 994 co·

193 1021 292 1062 hors
326 1020 559 1071 Praetoria,
592 1032 688 1072 quae
724 1019 878 1058 ducem
909 1030 1083 1069 semper

195 1090 461 1139 sequeretur,
493 1083 546 1123 ab
580 1083 691 1134 ipso,
723 1083 792 1122 vel
826 1094 880 1122 ex
918 1081 1082 1133 amicis,

193 1149 338 1190 velex
366 1146 610 1188 fortissimis
630 1145 871 1199 quibusque
898 1145 1084 1186 delecta.

196 1211 461 1266 Hujusmodi
493 1211 710 1251 cohortem
743 1210 994 1262 praetoriam
1030 1209 1083 1250 A.

196 1275 471 1316 Postbnmius
490 1274 698 1315 Dictator
725 1274 927 1315 habuisse
948 1274 1088 1326 perbi-

1151 634 1282 674 betur
1318 646 1344 673 a
1378 632 1518 683 Livio,
1565 630 1799 672 Africanus
1839 630 1976 683 major
2012 643 2038 670 a

1148 697 1290 743 Festo,
1307 696 1452 749 Scipio
1469 695 1721 736 AEmilianus
1735 696 1791 736 ab
1807 695 2030 749 Appiano;

1147 761 1313 801 Marius
1333 765 1379 800 et
1407 760 1606 800 Petreius
1622 773 1648 800 a
1666 759 1888 812 Sallustio,
1917 766 1964 800 et
1984 760 2039 801 ab

1150 824 1244 864 aliis
1261 824 1355 864 alii:
1387 836 1542 864 noveni
1570 824 1771 864 cohortes
1800 824 2039 866 Praetorias

1151 887 1371 940 Augustus
1403 887 1456 927 ad
1485 888 1675 940 corporis
1703 889 1946 943 custodiam
1966 890 2043 930 ad-

1149 953 1304 1004 hibuit,
1333 965 1431 1006 quae
1466 953 1651 1006 primum
1681 955 1853 1008 quidem
1872 960 2041 995 eertum

1151 1018 1398 1059 stabiliendi
1433 1018 1604 1070 imperii
1642 1017 1957 1060 firmamentum
1995 1025 2043 1060 et

1151 1082 1287 1122 decus
1330 1081 1589 1132 extiterunt,
1634 1088 1786 1134 postea
1838 1095 1943 1124 vero
1996 1088 2043 1124 et

1151 1145 1468 1198 Imperatorum
1523 1151 1569 1185 et
1602 1145 1867 1198 Reipublicae
1900 1147 2044 1200 perni-

1151 1221 1256 1250 cies.

531 1426 753 1492 QUOT
790 1426 1134 1493 EQUITES
1176 1425 1270 1479 IN
1309 1425 1690 1479 LEGIONE.

252 1552 322 1592 UT
349 1550 562 1604 peditum,
598 1552 663 1593 ita
710 1554 903 1605 equitum
942 1553 1085 1594 varius

197 1616 241 1656 in
281 1615 456 1668 legione
492 1626 694 1659 numerus
724 1615 836 1658 fuit:
876 1616 1086 1670 Polybius

199 1685 345 1721 tamen
373 1692 502 1733 super
519 1680 599 1721 hac
631 1694 694 1733 re,
714 1694 796 1722 nec
823 1694 923 1722 cum
949 1681 1087 1732 Livio,

202 1755 282 1785 nec
303 1755 445 1785 secum
466 1746 711 1786 consentit:
743 1745 858 1785 unde
879 1746 1005 1786 aliter
1025 1746 1089 1786 Si-

201 1809 344 1861 gonio‚
362 1809 489 1849 aliter
512 1809 660 1862 Lipsio
681 1810 816 1850 visum
845 1815 924 1850 est.
982 1811 1091 1855 Vult

202 1873 316 1914 enim
345 1874 544 1926 Sigonius
577 1885 632 1915 ex
670 1875 788 1916 Livio
818 1876 985 1929 equites
1006 1876 1091 1916 sin-

204 1939 316 1991 gulis
345 1939 604 1992 legionibus,
630 1939 731 1980 dum
762 1945 885 1981 erant
904 1942 972 1981 vel
989 1954 1093 1994 qua-

203 2010 303 2044 tuor
338 2004 623 2057 ve1·quinqne
652 2004 846 2058 millium,
863 2004 996 2045 fuisse
1016 2006 1094 2046 du-

206 2079 364 2117 cenos;
393 2067 493 2108 dum
532 2080 610 2109 sex
645 2069 840 2121 millium,
878 2074 1094 2111 trecenos.

207 2131 417 2184 Polybius
444 2144 560 2184 vero,
580 2137 630 2172 ut
649 2128 975 2184 vinterpretatur
995 2134 1095 2184 Lip-

206 2196 312 2249 sius,
335 2197 429 2250 jam
468 2197 568 2237 inde
601 2209 627 2237 a
658 2197 841 2238 Romulo
878 2203 1099 2239 trecentos

1156 1552 1326 1606 equites
1341 1552 1582 1606 legionibus
1602 1552 1849 1606 adjunctos,
1865 1564 1960 1593 cum
1976 1565 2047 1593 ve-

1156 1630 1205 1659 ro
1244 1624 1421 1659 centum
1458 1619 1629 1671 equites
1666 1618 1801 1659 additi
1831 1618 2051 1671 dicuntur,

1156 1687 1248 1724 tum
1264 1683 1396 1723 fuisse
1412 1682 1740 1737 quadringenos.
1787 1682 1889 1724 Utri
1905 1695 2047 1723 assen-

1160 1748 1231 1787 tiri
1249 1748 1388 1799 malis‚
1408 1752 1502 1788 tute
1522 1748 1618 1800 ipse
1638 1747 1824 1788 videris:
1854 1746 1898 1787 id
1919 1760 2051 1788 unum

1160 1813 1272 1852 certi
1301 1813 1455 1863 habeo,
1476 1813 1588 1865 quod
1620 1812 1823 1864 scribam,
1847 1812 1891 1852 in
1920 1812 2053 1852 decu-

1161 1876 1226 1916 ria
1260 1877 1429 1929 equites
1455 1876 1586 1917 fuisse
1623 1877 1793 1927 decem,
1831 1877 1878 1916 in
1912 1880 2054 1916 turma

1162 1942 1356 1993 triginta,
1373 1942 1418 1981 in
1438 1943 1505 1982 ala
1533 1941 1660 1981 modo
1689 1941 1899 1992 ducenos,
1925 1941 2053 1981 modo

1162 2007 1349 2046 tricenos
1378 2019 1432 2046 ex
1458 2005 1663 2057 Sigoni03
1694 2005 1779 2055 vel,
1806 2005 1934 2045 modo
1968 2009 2055 2044 tre-

1163 2084 1309 2123 cenOS,
1342 2072 1472 2112 modo
1505 2071 1828 2125 quadringenos
1859 2083 1915 2111 ex
1951 2069 2054 2123 Lip-

1164 2148 1244 2178 s1o.

331 2345 554 2412 QUOT
592 2347 994 2402 LEGIONES
1037 2349 1371 2404 ROMANI
1411 2349 1928 2405 HABUERINT.

262 2472 376 2515 Dum
396 2485 559 2515 summa
571 2487 716 2516 rerum
737 2488 870 2528 penes
889 2477 1099 2518 Consules

209 2538 345 2579 multo
365 2545 466 2580 ante
483 2539 598 2581 bella
611 2541 780 2582 Punica
797 2541 895 2594 fuit,
914 2548 1101 2596 quatuor

209 2601 402 2655 legiones
418 2603 463 2643 in
483 2616 615 2644 annos
633 2604 824 2657 singulos
837 2605 970 2646 scribi
989 2607 1098 2647 sole-

210 2665 338 2717 bant,
356 2665 469 2707 binae
497 2667 676 2723 singulis
708 2668 995 2711 Consulibus:
1024 2671 1101 2711 ubi

209 2742 316 2771 vero
345 2730 510 2784 multis,
549 2738 641 2773 tum
671 2733 851 2775 urbibus
882 2740 973 2775 tum
1002 2749 1101 2789 pro-

214 2794 365 2836 vinciis
398 2802 573 2837 auctum
604 2797 832 2850 imperium
866 2805 960 2840 est:
992 2801 1102 2840 socii

213 2858 270 2899 ad
307 2864 491 2913 quatuor
522 2861 737 2902 Romanas
774 2862 968 2915 legiones
1002 2863 1102 2904 toti-

214 2921 315 2963 dem
353 2923 515 2965 addere
539 2923 653 2978 jussi
694 2932 824 2968 sunt:
871 2927 908 2968 si
943 2928 1103 2969 bellum

215 2986 388 3039 gravius
429 2993 560 3041 esset,
604 2991 834 3032 crescebat
887 2992 1102 3046 legionum

214 3063 430 3093 numerus.
486 3052 540 3092 In
570 3053 685 3095 bello
713 3056 882 3097 Punico
911 3058 1104 3099 seeundo

214 3115 406 3166 legiones
435 3116 533 3168 plus
550 3118 691 3158 minus
720 3122 788 3160 25.
810 3133 889 3172 per
915 3121 1104 3174 Italiam,

216 3177 421 3232 Siciliam,
440 3184 487 3220 et
510 3180 745 3233 Hispanias
774 3183 992 3236 dispersas
1020 3186 1105 3226 Ro-

216 3243 330 3283 mani
344 3243 595 3287 habuerunt.
649 3246 704 3287 In
722 3247 989 3290 dissensione
1008 3251 1104 3290 Ma-

216 3305 337 3346 riana
360 3308 407 3348 L.
423 3308 562 3349 Cinna
576 3312 644 3351 30.
659 3310 704 3350 in
717 3310 830 3352 bello
847 3313 964 3354 civili
977 3315 1106 3355 Pom-

219 3369 340 3421 peius
368 3376 414 3411 et
433 3371 582 3412 Caesar
607 3376 675 3414 40.
692 3375 734 3414 in
755 3376 994 3417 Mutinensi
1017 3377 1107 3418 An-

221 3432 364 3474 tonius
379 3440 426 3474 et
440 3435 649 3477 Consules
661 3441 729 3478 50.
753 3439 797 3479 in
817 3438 1002 3481 Actiaco
1023 3442 1107 3482 Oc·

222 3496 363 3537 tavius
397 3499 545 3540 Caesar
571 3505 640 3542 40.
668 3515 748 3544 nec
776 3504 861 3556 ipsi
890 3506 1105 3557 legionum

223 3566 298 3602 aut
331 3560 490 3605 virtute
512 3571 586 3607 aut
615 3578 792 3610 numero
812 3567 991 3610 inferior
1012 3575 1107 3610 erat

1170 2477 1399 2521 Antonius.
1457 2479 1559 2520 Non
1593 2479 1748 2519 mirum
1783 2476 1956 2531 quidem
1991 2480 2059 2516 est

1169 2548 1314 2584 tantas
1330 2543 1478 2596 copias
1496 2543 1552 2584 ab
1570 2543 1863 2584 Romanorum
1878 2540 2060 2582 ducibus

1169 2613 1418 2649 contractas
1437 2621 1532 2649 esse
1561 2608 1606 2648 id
1637 2608 1857 2660 temporis,
1877 2619 1975 2648 cum
1994 2617 2065 2647 eo-

1169 2685 1263 2713 rum
1283 2673 1513 2724 imperium
1532 2673 1586 2714 ab
1612 2672 1776 2713 ultimis
1796 2673 1985 2725 Europae
2014 2671 2063 2710 fi-

1169 2736 1296 2777 nibus
1324 2737 1376 2777 ad
1409 2738 1675 2789 Euphratem
1708 2749 1844 2789 usque
1874 2735 2065 2789 pertine-

1170 2805 1254 2841 ret.
1309 2802 1454 2842 Unum
1483 2806 1566 2852 est,
1587 2800 1703 2854 quod
1731 2800 1868 2852 magis
1887 2799 2064 2850 mirere,

1171 2863 1344 2905 Gallico
1376 2865 1564 2905 tumultu
1591 2876 1705 2905 anno
1734 2863 1867 2904 Urbis
1894 2866 1990 2903 528.
2013 2863 2062 2902 L.

1171 2926 1343 2967 AEmilio
1372 2927 1529 2980 Pappo
1559 2932 1606 2968 et
1633 2928 1684 2969 C.
1704 2926 1863 2968 Attilio
1894 2925 2062 2978 Regulo

1175 2989 1434 3032 Consulibus
1463 2991 1679 3032 Romanos
1710 2991 1950 3032 exercitum
1969 2993 2065 3029 800.

1173 3055 1354 3095 millium
1382 3055 1564 3096 militum
1594 3068 1649 3097 ex
1679 3056 1769 3096 sola
1788 3055 1918 3095 Italia
1937 3053 2065 3093 colle-

1173 3119 1314 3171 gisse3
1360 3120 1474 3173 quod
1511 3133 1567 3161 ex
1606 3120 1662 3162 Q.
1695 3119 1830 3159 Fabio
1868 3117 2064 3168 Pictore,

1174 3183 1246 3236 qui
1276 3189 1367 3224 tum
1389 3183 1581 3235 vivebat,
1608 3183 1804 3224 referunt
1830 3181 2064 3233 Eutropius

1174 3250 1221 3285 et
1241 3245 1447 3288 Orosius:
1476 3246 1630 3299 quibus
1645 3257 1723 3296 ego
1739 3244 1811 3284 vix
1825 3244 2064 3295 assentiar;

1173 3310 1255 3349 nisi
1288 3310 1416 3362 idem,
1436 3315 1482 3350 et
1510 3322 1536 3349 a
1564 3309 1708 3349 Plinio
1747 3312 1793 3347 et
1823 3320 1849 3347 a
1879 3307 2065 3360 Polybio

1175 3376 1391 3415 memoriae
1434 3373 1654 3426 proditum
1705 3375 1844 3411 esset:
1893 3371 2063 3411 Plinius

1174 3440 1287 3481 enim
1321 3444 1518 3480 numerat
1557 3434 1752 3487 peditum
1789 3437 1885 3475 700.
1913 3435 2063 3476 millia.

1174 3504 1365 3556 equitum
1403 3505 1470 3540 80.
1517 3498 1724 3551 Polybius
1754 3509 1858 3538 vero
1898 3510 2064 3548 eorum,

1176 3567 1361 3619 quitum
1390 3563 1593 3605 Romanis
1622 3561 1846 3616 parebant,
1865 3560 2062 3614 peditum
