2352 4022
597 316 732 355 cAP.
776 316 811 352 1.
856 314 935 353 nn
978 308 1529 352 MArmmoutoRuM
1576 309 1747 350 Rl‘rU.
1981 299 2090 356 23:³3

278 462 284 471 ,
330 438 390 491 3.
422 435 569 501 Quae
592 454 698 490 uno
731 442 1004 490 contentae
1030 434 1382 488 matrimonio
1409 433 1650 497 fuerant,
1692 447 1900 485 corona
1923 433 2089 500 pudi-

260 521 448 574 citiaeg
482 522 925 574 honorabantur.⁷
999 519 1414 573 Existimabant
1451 519 1595 571 enim
1637 534 1763 570 eum
1801 518 2089 585 praecipue

261 613 528 660 matronae
544 605 564 635 ¹²
591 607 808 658 sincera
832 605 940 658 fide
965 605 1352 672 incorruptum
1368 620 1495 656 esse
1523 603 1787 665 animum,
1815 602 1911 669 qui
1931 600 2088 668 post⁸

259 690 530 759 depositae
555 691 885 759 virginitatis
927 690 1113 742 cubile
1156 691 1213 741 in
1254 690 1541 757 publicum
1587 688 1775 756 egredi
1816 687 2053 738 nesciret
2074 703 2088 750 ;

259 777 559 828 multorum
585 776 1054 829 matrimoniorum
1080 775 1486 843 experientiam
1515 776 1678 843 quasi
1718 773 1977 841 legitimae
1997 788 2091 823 cu-

256 861 484 930 jusdam
509 857 972 929 intemperantiae*
1014 861 1234 927 signum
1261 876 1391 912 esse
1424 860 1732 912 credentes·

271 969 273 972 ⁴
336 947 389 998 4.
429 943 781 1013 Repudiumj
809 946 950 998 inter
976 961 1206 997 uxorem
1231 950 1284 997 et
1308 946 1484 997 virum
1513 962 1548 997 a
1567 944 1791 996 condita
1817 942 1971 1015 Urbe
1996 958 2093 995 us-

260 1047 371 1100 que
397 1030 468 1082 ad
495 1030 820 1082 vicesimum
847 1034 901 1083 et
926 1030 1432 1098 quingentesimum
1451 1036 1473 1070 ⁹
1491 1026 1511 1057 ¹²
1548 1045 1750 1081 annum
1774 1030 1988 1081 nullum
2009 1029 2093 1080 in-

260 1112 546 1169 tercessit.¹
618 1114 841 1167 Primus
867 1121 1053 1167 autem
1080 1114 1181 1182 Sp.
1211 1113 1490 1167 Carvilius
1508 1122 1550 1144 ¹0
1566 1120 1598 1142 ¹¹¹
1635 1130 1864 1166 uxorem
1889 1113 2094 1166 sterili-

1277 1250 1328 1265 ‘st

261 1333 510 1374 Torreniani
531 1334 666 1375 ceteri
688 1346 834 1374 omnes
854 1339 898 1374 et
918 1333 1018 1374 edd.
1041 1338 1231 1374 vett.—7
1261 1332 1392 1373 Barb.
1413 1337 1451 1373 1.
1470 1338 1516 1373 et
1536 1333 1657 1373 Leid.
1683 1337 1722 1373 5.
1743 1333 2097 1373 coronabantur.-

262 1392 287 1427 8
317 1388 368 1428 In
388 1388 609 1438 Pighianis
629 1401 711 1428 non
732 1389 915 1428 habetur
930 1393 1045 1439 post;
1073 1388 1170 1427 ideo
1193 1388 1265 1426 ille
1288 1388 1410 1439 legit,
1436 1388 1504 1438 qui
1535 1387 1721 1438 depositoe
1752 1401 1790 1427 υ.
1823 1401 1857 1427 c.
1888 1389 2096 1438 pudicum.-

262 1444 400 1482 codex
419 1443 550 1482 Basil.
567 1456 652 1494 quoe
669 1443 853 1493 depositoe
870 1456 907 1482 υ.
928 1443 1046 1481 cubili
1061 1442 1264 1493 pudicum.-
1296 1441 1408 1480 unde
1429 1442 1559 1480 Klok.
1588 1442 1701 1491 conj.
1736 1454 1821 1492 (ματ
1853 1442 2028 1492 deposita
2059 1454 2097 1480 v.

261 1495 385 1535 cubile
403 1496 560 1535 unicum
577 1497 712 1546 egredi
732 1497 917 1536 nesciret.-
948 1496 1061 1535 Toll.
1093 1495 1159 1546 qui
1187 1495 1430 1545 depositum:
1460 1495 1612 1534 Heius.
1645 1498 1683 1534 1.
1718 1496 1783 1546 qui
1812 1500 1901 1545 post
1930 1496 2097 1546 positae:

261 1548 423 1590 Brand.
443 1550 543 1589 Vat.
564 1556 610 1589 et
628 1551 729 1589 Vet.
751 1552 818 1601 qui
835 1549 1010 1600 deposito
1030 1562 1064 1589 ι·.
1089 1549 1209 1588 cubili
1239 1549 1280 1588 in
1305 1548 1512 1599 publicum,
1544 1551 1610 1598 fise.
1651 1549 1805 1599 Copes.
1828 1549 1977 1587 Rhem.
1999 1552 2036 1589 1.
2055 1551 2098 1588 2.

260 1603 393 1642 Barb.
415 1607 451 1642 1.
467 1606 508 1642 2.
528 1603 654 1643 Voss.
672 1607 711 1643 2.
732 1604 852 1643 Leid.
869 1608 907 1645 6.
927 1616 1036 1642 unus
1056 1604 1198 1642 Bitur.
1220 1609 1264 1641 et
1285 1602 1436 1642 Heins-
1451 1606 1492 1642 2.
1512 1602 1579 1654 qui
1596 1606 1685 1653 post
1701 1603 1902 1653 depositae.
1932 1602 2097 1642 Omnes

259 1657 510 1696 Torreniani
529 1659 692 1709 pariter
711 1659 900 1698 retinent
917 1659 960 1698 in
977 1657 1187 1709 publicum,
1216 1662 1261 1696 et
1277 1657 1359 1697 hoc
1379 1656 1423 1696 in
1444 1669 1517 1696 suo
1538 1656 1635 1696 cod.
1659 1657 1787 1696 etiam
1819 1656 1984 1696 invenit
2003 1656 2099 1697 Lat.

262 1710 475 1751 Latinius.
531 1713 637 1751 Mox
676 1712 852 1762 Pighius
885 1725 938 1752 ex
968 1718 1054 1750 vet.
1082 1711 1178 1751 cod.
1209 1711 1317 1761 legit
1347 1711 1584 1761 illegitimoe,
1615 1711 1728 1761 qtiod
1760 1710 1932 1750 exhibet
1966 1711 2099 1749 etiam

262 1763 422 1816 Ultraj.
442 1768 480 1804 1.
502 1777 527 1804 a
546 1778 601 1804 m.
621 1778 708 1806 sec.
735 1767 925 1816 legitime
944 1771 1159 1805 testantur
1179 1764 1342 1804 Braud.
1359 1769 1394 1804 l.
1412 1769 1450 1806 2.
1470 1767 1586 1804 Dan.
1604 1766 1738 1805 Basil.
1760 1772 1805 1805 et
1818 1764 2098 1813 Tor-reniani3

260 1822 307 1858 et
322 1818 444 1859 sicin
465 1819 560 1860 cod.
581 1821 674 1859 Lat.
702 1821 874 1860 Lat.-9
904 1819 1188 1870 Undeviginti
1207 1819 1334 1859 codd.
1354 1831 1450 1858 cum
1471 1819 1569 1859 Vet.
1599 1820 1714 1869 Mog.
1734 1820 1912 1859 Venett.
1934 1823 1972 1858 l.
1992 1822 2030 1858 2.
2057 1821 2099 1858 3.

261 1874 303 1915 4.
324 1876 364 1912 5.
386 1873 568 1913 Mediol.
587 1878 670 1913 διο.
692 1874 878 1914 habent:
910 1874 1157 1914 centesimum
1176 1877 1215 1912 et
1234 1873 1720 1924 quinquagesimum—10
1748 1874 1800 1913 ln
1836 1873 1963 1913 codd.
1995 1873 2099 1912 Cur-

262 1924 378 1965 bilius
407 1931 454 1966 et
485 1927 724 1975 Carbulius;
753 1928 828 1967 sed
863 1929 906 1968 in
940 1928 1135 1979 plurimis
1165 1927 1381 1977 Cominus,
1410 1927 1621 1979 quomodo
1653 1928 1858 1967 scribitur
1892 1928 2020 1966 etiam
2056 1926 2100 1964 in

262 1980 362 2020 Vet.
391 1987 438 2021 et
469 1981 591 2034 Mog.
625 1989 671 2022 et
702 1982 818 2035 apud
849 1983 967 2022 Plut.
1005 1983 1079 2034 Sp.
1099 1981 1320 2022 Scarbilius
1350 1982 1392 2020 in
1411 1982 1450 2021 V
1455 1988 1591 2022 euett.
1634 1982 1704 2034 Sp.
1738 1981 1932 2021 Gabinius
1965 1979 2099 2020 Aldd.

1097 2101 1273 2142 NOTAE

263 2204 433 2242 nervae3
464 2194 539 2235 sed
561 2194 791 2248 Apollinis,
822 2196 998 2248 Dianae,
1017 2198 1146 2237 Lato-

261 2269 344 2307 nae,
378 2258 595 2310 Herculis,
615 2261 838 2312 Mercurii,
869 2266 917 2301 et
951 2261 1146 2313 Neptuni

1214 2196 1592 2248 intemperantiam
1609 2195 1622 2214 '
1642 2197 1849 2248 appellat.

1265 2259 1540 2313 JRepndium]
1597 2261 1841 2312 Repudium
1874 2260 2003 2312 inter,
2038 2260 2102 2300 ‹li-

261 2321 420 2372 primas
453 2324 542 2374 ejus
573 2323 744 2375 generis
773 2325 924 2376 epulas
954 2325 1145 2364 celebra-

264 2388 332 2423 tas
352 2385 473 2424 velit.

266 2446 289 2470 ·’
318 2453 340 2482 3
359 2448 514 2488 Corona
547 2449 772 2502 pudicitiae]
818 2450 1039 2490 Pudicitia
1058 2451 1145 2492 Ro-

263 2510 402 2550 manis
437 2512 534 2551 Dea
565 2511 675 2562 fuit3
706 2525 842 2566 eaque
877 2519 921 2554 et
957 2515 1148 2556 Patritia

263 2578 310 2613 et
350 2573 553 2615 Plebeia:
604 2577 811 2616 Patriciae
857 2579 1064 2630 templum
1102 2579 1146 2618 in

259 2633 356 2675 foro
386 2637 559 2687 Boario,
589 2638 771 2678 Plebeia
789 2639 833 2679 in
854 2641 947 2680 vico
968 2641 1143 2692 Longo:

261 2697 370 2738 illud
399 2700 453 2739 ab
480 2700 666 2752 AEmilio,
697 2703 776 2742 hoc
797 2715 822 2742 a
846 2703 1044 2755 Virginia
1072 2717 1146 2744 ex-

263 2767 494 2807 structum.
551 2763 603 2804 In
620 2764 705 2804 illis
725 2765 907 2815 aedibus,
931 2766 984 2807 iis
1014 2767 1146 2807 omni-

262 2825 342 2866 bus
380 2826 453 2878 qui
490 2828 559 2867 vel
594 2840 809 2881 nunquam
842 2831 911 2870 vel
942 2829 1008 2870 bis
1043 2842 1148 2882 nup-

262 2888 432 2940 sissent,
450 2890 709 2932 sacrificium
739 2891 887 2934 facere
906 2893 1030 2934 nefas
1049 2894 1146 2935 fuit.

268 2976 272 2979 -
315 2948 336 2976 ¹¹
355 2952 572 3004 Matrona]
601 2955 803 2995 Matrona
830 2969 881 2997 ea
909 2955 1008 3009 fuit,
1037 2969 1148 3011 quae,

264 3015 332 3054 vel
352 3016 626 3058 matrimonio
648 3032 750 3060 vero
769 3021 924 3072 juncta
944 3030 1075 3072 esset,
1091 3036 1147 3063 ex

263 3078 407 3119 Gellio
429 3094 440 3129 ;
482 3082 548 3120 vel
578 3083 702 3122 stolae
721 3082 912 3125 ferendae
924 3085 997 3137 jus
1016 3086 1146 3126 habe-

261 3147 346 3193 ret,
363 3155 418 3184 ex
441 3145 597 3196 Festo;
627 3148 695 3187 vel
719 3147 843 3199 primi
872 3149 995 3201 pueri
1011 3156 1150 3190 mater

263 3212 395 3256 esset,
417 3219 472 3247 ex
494 3207 680 3250 Isidoro.

316 3268 330 3296 ¹
347 3270 559 3321 Legitimoe
578 3273 844 3326 [illegitimoe]
865 3275 1068 3325 cuiusdam
1086 3276 1149 3317 in-

262 3335 550 3386 temperantiae]
573 3337 742 3388 Melius,
756 3339 798 3377 ni
816 3337 961 3391 fallor,
979 3340 1150 3393 legeris,

263 3394 479 3445 legitima.-
514 3410 608 3438 cum
641 3401 756 3439 enim
793 3403 943 3453 semel,
977 3402 1149 3453 iterum,

265 3464 398 3509 atque
418 3460 550 3500 etiam
571 3463 730 3514 saepius
748 3466 911 3505 nubere
934 3479 1010 3518 per
1030 3468 1150 3519 leges

264 3521 415 3563 liceret
433 3536 445 3573 ;
464 3524 676 3576 repetitas
694 3529 866 3580 nuptias
887 3530 1148 3582 ‘legitimam

1214 2325 1418 2375 vortium,
1438 2331 1483 2365 et
1503 2325 1722 2365 solennem
1740 2324 2102 2365 renuntiationem

1214 2388 1294 2428 hoc
1321 2386 1546 2428 interfuit:
1576 2387 1688 2439 quod
1711 2387 1939 2438 repudium
1977 2399 2104 2439 spon-

1215 2463 1272 2491 sae
1293 2452 1614 2491 remitteretur:
1649 2451 1880 2490 divortium
1907 2462 2007 2490 cum
2025 2444 2103 2490 ux'-

1214 2527 1288 2555 ore
1325 2515 1465 2556 fieret.
1523 2517 1670 2558 Quare
1708 2515 1878 2567 repudii
1916 2514 2104 2555 formula

1214 2578 1308 2618 haec
1323 2577 1404 2618 fuit
1422 2592 1432 2618 ε
1463 2581 1475 2602 ‘
1492 2577 1752 2619 Conditione
1770 2585 1840 2618 tua
1868 2591 1950 2619 non
1971 2577 2102 2618 utor-⁹

1215 2642 1409 2682 Divertii
1435 2654 1538 2682 vero
1566 2656 1579 2681 t
1619 2643 1631 2664 ‘
1653 2643 1739 2681 Res
1761 2648 1854 2682 tuas
1876 2642 1954 2682 tibi
1973 2642 2103 2682 habe·

1216 2705 1293 2745 to!
1350 2705 1699 2745 Renuntiationis
1729 2711 1872 2745 autem
1900 2705 1994 2746 haec
2030 2706 2102 2745 lex

1216 2768 1364 2819 fuerit,
1379 2776 1428 2808 ut
1449 2770 1511 2808 vir
1529 2769 1669 2818 uxori,
1684 2769 1751 2809 vel
1771 2782 1878 2809 uxor
1899 2770 2005 2820 viro,
2026 2782 2102 2810 seu

1218 2833 1423 2884 praesenti
1456 2844 1533 2872 seu
1552 2830 1720 2873 absenti
1740 2833 1937 2873 nuntium
1957 2834 2102 2873 remit-

1218 2900 1346 2937 teret.

1269 2959 1289 2987 Β
1314 2960 1548 3001 Vicesimum
1565 2966 1604 3002 et
1631 2960 1999 3013 quingentesimum]
2047 2959 2102 3004 Id

1216 3024 1414 3075 contigit,
1425 3035 1479 3064 ex
1495 3025 1721 3077 Dionysio,
1738 3037 1849 3064 anno
1861 3025 1990 3064 Urbis
2005 3027 2102 3064 520.

1217 3084 1340 3129 Coss.
1382 3089 1445 3128 M.
1465 3084 1706 3141 Pomponio
1738 3095 1783 3128 et
1817 3090 1862 3128 C.
1883 3087 2103 3139 Papyri03

1218 3152 1293 3203 qui
1315 3151 1357 3190 in
1379 3150 1499 3191 fastis
1525 3158 1743 3203 ponuntur
1778 3152 1861 3190 An.
1891 3154 1986 3190 522.
2032 3152 2102 3191 Ex

1214 3215 1380 3266 Gellio,
1399 3219 1494 3255 523.
1541 3217 1603 3255 M.
1621 3214 1777 3255 Attilio
1797 3220 1841 3253 et
1861 3214 1909 3253 P.
1927 3214 2101 3254 Valerio

1216 3278 1338 3319 Coss.
1362 3279 1435 3330 qui
1455 3279 1497 3317 in
1518 3276 1640 3317 fastis
1662 3279 1860 3328 leguntur
1878 3281 1973 3318 526.
2018 3278 2100 3318 Le-

1216 3342 1281 3393 git
1314 3341 1516 3392 Cujacius
1535 3344 1630 3382 600.
1660 3352 1713 3379 ex
1747 3341 1983 3381 Plutarcho
2001 3344 2098 3381 230.

1218 3418 1272 3445 ex
1310 3406 1423 3444 illius
1454 3405 1693 3455 interprete
1728 3407 1821 3444 330.
1877 3405 1968 3444 Nos
1999 3404 2101 3445 Gel-

1216 3469 1318 3509 lium
1341 3469 1479 3508 secuti
1499 3480 1655 3508 sumus.

1271 3530 1461 3571 ¹Nullum
1480 3530 1720 3583 intercessit]
1766 3532 1923 3584 Legem
1954 3537 2098 3573 tamen
