2352 4022
690 319 857 381 ἿοΑι».
889 319 969 359 1v.
1011 321 1091 359 nl:
1130 318 1458 360 AUSPlcllS.
1901 312 2013 376 147,

932 558 1105 612 CAP.
1146 558 1252 611 IV.

810 713 918 766 DE
957 711 1399 766 AUSPICIIS.¹

355 867 461 900 ουλε
479 865 657 897 camma
677 865 866 895 nonum
1154 859 1177 894 5
1207 855 1271 893 M.
1290 853 1458 893 Tullius
1477 851 1645 892 Cicero.

207 933 227 970 1
261 928 406 970 Attius
428 929 592 970 Navius
611 927 778 979 Augur·
1153 912 1180 948 6
1212 909 1273 948 Μ.
1293 907 1450 949 Junius
1469 907 1633 946 Brutus
1653 917 1822 958 procot

205 988 232 1024 2
259 985 326 1024 Ti.
344 983 583 1030 Gracchus,
597 982 664 1022 Ti.
683 983 734 1022 F.
753 980 854 1022 trib.
874 982 988 1034 pleb.
1466 1010 1672 1040 Ex'rnnm
1757 987 1759 989 '

205 1042 231 1078 3
260 1039 312 1078 Ρ.
331 1037 534 1079 Claudius
554 1036 819 1089 Pulcher,et
838 1037 888 1078 L.
901 1036 1058 1079 Junius
1731 1063 1735 1067 ‚

290 1091 438 1131 Pullus
459 1091 580 1131 Coss.
1154 1090 1175 1126 1
1209 1083 1458 1125 Alexander
1476 1083 1676 1136 Magnus.

203 1148 231 1184 4
259 1146 308 1195 14.
330 1144 536 1186 Metellus
557 1146 686 1186 Pont.
703 1156 817 1185 max.
1153 1145 1179 1183 2
1210 1140 1447 1182 Deiotarus
1466 1150 1559 1178 rex.

249 1271 303 1323 1.
341 1270 407 1323 L.
439 1271 816 1341 'Tarquinius‘
852 1286 989 1339 rcxss
1016 1267 1276 1321 centuriis
1303 1266 1603 1336 equitum,b
1629 1283 1771 1335 quas
1800 1266 2009 1319 Romu-

177 1353 299 1407 lus⁰
335 1343 1129 1426 auspicato2'conscripserat,
1157 1355 1299 1406 alias
1327 1354 1568 1423 adjicere
1591 1353 1822 1425 cupiens
1845 1371 1858 1418 3
1884 1370 2010 1405 cum

177 1440 251 1491 ab
278 1439 439 1495 Attio
473 1442 664 1496 Navio
682 1440 733 1480 ³⁶
772 1459 976 1509 augure
1001 1441 1401 1510 prohiberetur,
1436 1439 1681 1492 offensus
1708 1441 2009 1504 interroga-

176 1526 278 1590 vit,
314 1529 332 1554 ‘
348 1526 624 1580 Possetne
647 1527 783 1591 fieri,
811 1526 962 1595 quod
987 1527 1110 1594 ipsc
1132 1532 1314 1577 mente
1340 1531 1675 1592 conceperat
1688 1524 1755 1575 '2⁹4
1798 1529 1814 1551 ‘
1837 1524 2012 1576 Posse

177 1607 300 1663 fieri
316 1610 331 1630 '
366 1612 626 1676 dicente,⁵
641 1612 817 1682 jussit
841 1612 1117 1666 novacula
1144 1617 1330 1664 cotem
1356 1610 1618 1663 discindi.
1673 1609 1804 1674 Qua
1820 1609 2011 1662 Attius

942 1749 1086 1764 ‘W
1093 1749 1238 1763 ΜΙΝ

227 1834 250 1871 1
278 1831 390 1873 Haec
409 1832 540 1872 etiam
559 1833 600 1872 in
619 1833 745 1874 codd.
765 1838 1082 1873 connectuntur
1101 1845 1198 1872 cum
1219 1830 1528 1884 superioribus,
1558 1830 1643 1870 nisi
1674 1830 1787 1883 quod
1824 1830 1864 1870 in
1886 1831 2010 1872 Leid.

175 1888 215 1925 8.
235 1886 388 1926 titulus
406 1893 500 1935 est-z
533 1887 598 1927 De
627 1887 815 1939 Auspicio
845 1889 1106 1938 Cap.1v.-2
1137 1887 1330 1926 Romulus
1362 1886 1595 1937 auspicando
1628 1887 1670 1923 in
1709 1886 1852 1925 Bitur.
1888 1889 2009 1925 1.—3

173 1939 314 1991 Vulgo
334 1940 516 1992 legitur:
546 1954 572 1980 a
595 1941 720 1980 Decio
738 1941 836 1981 Atio
856 1942 1000 1986 Navo,·
1030 1941 1271 1980 Mitalerius
1290 1941 1453 1979 Decimo
1473 1939 1692 1978 emendat.
1749 1937 1886 1977 Aldus
1922 1939 2011 1978 edi-

174 1991 330 2034 derat:
356 1994 404 2034 ab
423 1995 549 2034 Decio
565 1995 684 2035 Accio
705 1996 832 2034 Navo.
889 1993 1028 2034 Abest
1048 1995 1174 2033 Decio
1195 2007 1218 2033 a
1247 1994 1409 2034 Brand.
1439 1993 1591 2044 Camp.
1622 1998 1666 2032 et
1700 1992 1887 2044 Heu-bip.
1943 1994 2010 2034 Ex

174 2051 283 2086 vett.
304 2059 472 2099 exemp.
502 2047 640 2088 edidit
670 2048 875 2099 Pighius:
905 2049 954 2087 ab
974 2048 1070 2087 Atio
1091 2049 1248 2087 Navio:
1278 2049 1459 2087 Tot-ren.
1490 2047 1628 2096 malit,
1661 2046 1789 2086 Attio.
1846 2050 1858 2069 ⁶
1880 2047 2011 2086 Varie

174 2100 382 2140 scribitur
399 2102 443 2140 in
462 2102 570 2141 Mss.
589 2101 664 2141 sed
684 2114 811 2153 quam
831 2101 1024 2140 dedimus
1045 2102 1294 2151 lectionem,
1321 2101 1451 2140 etiam
1482 2100 1635 2151 optimi
1665 2100 1855 2139 editores
1893 2101 2011 2140 Fiori

175 2159 222 2192 et
243 2153 353 2193 Livii
372 2154 640 2206 praeferunt.'
667 2157 882 2207 Kopp.—-—4
913 2155 1029 2195 Octo
1050 2155 1189 2196 codd.
1224 2155 1291 2195 An
1315 2155 1360 2194 id
1377 2154 1477 2207 fieri
1493 2158 1622 2205 posset
1640 2155 1741 2204 quod
1758 2154 1889 2192 animo
1907 2155 2016 2204 cogi-

172 2205 315 2247 earet?
367 2208 453 2248 Sed
469 2215 621 2248 nostra
639 2209 771 2248 lectio
787 2209 922 2259 magis
943 2210 1144 2260 congruit
1160 2221 1255 2248 cum
1279 2208 1417 2248 vorbis
1436 2208 1544 2248 Livii
1561 2215 1606 2247 et
1622 2208 1835 2247 Fiam—5
1859 2208 2011 2260 Camp.

178 2260 344 2300 Brand.
361 2269 408 2302 et
426 2262 680 2302 Torreniani
697 2276 708 2301 :
740 2264 818 2313 Eo,
835 2262 1002 2312 augurio
1019 2267 1151 2314 copto,
1177 2275 1290 2315 posse
1301 2262 1404 2316 fieri
1422 2262 1587 2301 dicente.
1644 2261 1714 2299 Sic
1736 2260 1829 2300 fere
1850 2261 2013 2312 Livius,

175 2314 348 2367 Cicero,
368 2321 413 2357 et
432 2317 598 2358 Florus.
655 2318 776 2367 Μοκ,
810 2317 900 2362 Qua
917 2315 1064 2357 Actius
1082 2318 1188 2357 Exc.
1210 2317 1361 2368 steph.
1381 2322 1427 2356 et
1445 2328 1523 2367 pro
1541 2314 1797 2367 professionis
1814 2316 2016 2356 Terreni-

1004 2425 1181 2466 NOTAE

228 2523 248 2545 ¹
266 2517 318 2559 1..
337 2517 590 2570 Tarquinius]
639 2518 834 2568 Priscus,
865 2518 938 2571 qui
969 2519 1058 2558 De·
1128 2524 1202 2559 cet
1216 2518 1392 2559 Valerio
1413 2517 1603 2559 Antiati:
1634 2523 1679 2559 et
1699 2531 1806 2571 pace
1824 2532 1918 2562 cum
1938 2522 2013 2562 Sa-

174 2581 329 2622 mni-ati
347 2581 555 2622 Corinthii
576 2580 746 2634 profugi
765 2582 878 2622 filius
910 2583 1057 2622 Romae
1127 2581 1235 2623 binis
1256 2581 1388 2632 facta,
1411 2582 1454 2622 in
1475 2588 1566 2622 tres
1585 2587 1745 2623 turmas
1767 2584 2014 2636 distribuit-3

174 2643 404 2696 imperium
433 2644 617 2696 adeptus
649 2652 733 2695 est,
760 2650 809 2685 et
837 2658 862 2685 a
889 2646 1056 2696 Tuscis,
1125 2658 1306 2698 quarum
1337 2658 1423 2685 una
1453 2646 1754 2686 Ramnensium
1775 2660 1798 2686 a
1819 2648 2013 2700 Romulo,

174 2719 281 2761 quos
310 2706 558 2759 subegerat,
577 2707 761 2759 insignia
785 2721 959 2749 summae
980 2722 1056 2761 po·
1125 2709 1264 2748 altera
1280 2708 1546 2750 Tatiensium
1573 2721 1599 2749 a
1615 2710 1739 2749 Tatio
1757 2711 2013 2753 Sabinorum

174 2771 346 2812 testatis
365 2771 539 2822 accepit
558 2769 715 2821 fasces,
745 2773 954 2823 trabeam,
981 2785 1054 2812 cu·
1124 2772 1261 2824 Rege,
1279 2773 1411 2813 tertia
1430 2773 1643 2812 Lucerum
1671 2785 1697 2812 a
1726 2774 1892 2814 Lucere
1922 2777 2014 2817 viro

173 2834 314 2886 mles,
326 2839 598 2886 praetextam,
620 2840 664 2874 et
683 2834 727 2874 id
742 2847 881 2887 genus
902 2836 1000 2876 alia.
1122 2836 1277 2886 nobili,
1296 2836 1369 2889 qui
1389 2849 1414 2876 e
1432 2836 1603 2876 Salonio
1633 2837 1918 2887 (Hetruscum
1939 2853 2015 2893 op-

231 2903 252 2946 *
274 2896 355 2938 An.
377 2898 442 2938 Μ.
473 2901 595 2939 3439.
629 2899 702 2942 01.
730 2903 798 2941 41.
816 2903 857 2940 2.
879 2901 986 2940 Urb.
1009 2901 1056 2942 C.
1125 2900 1270 2951 pidum
1294 2899 1383 2951 est)
1402 2901 1583 2941 Romulo
1603 2907 1755 2942 contra
1785 2902 2012 2943 Caeninen-

174 2963 269 3002 138.
289 2961 392 3002 Ant.
406 2962 484 3003 ch.
502 2966 598 3002 614.
1126 2976 1195 3003 ses
1213 2965 1371 3004 auxilio
1392 2971 1584 3006 venerat.

228 3022 248 3051 ὓ
269 3024 474 3064 Centuriis
489 3025 681 3077 equitum]
717 3027 968 3067 Constituto
986 3027 1060 3066 Se·
1181 3033 1199 3054 c
1219 3028 1426 3079 Romulus]
1455 3028 1789 3080 SylviaVestali
1809 3030 1979 3080 genitus
1997 3043 2009 3079 ;

174 3093 296 3138 natu,
331 3090 577 3141 populoque
608 3090 652 3128 iu
702 3091 841 3130 curias
880 3092 1059 3143 tributo,
1124 3103 1238 3142 quae,
1254 3091 1467 3131 incertum
1504 3104 1527 3130 a
1551 3105 1635 3143 quo
1656 3103 1919 3143 compressa,
1937 3106 2010 3143 ge·

171 3151 380 3192 Romulus
399 3156 618 3191 trecentos
623 3152 809 3203 juvenes
828 3153 963 3193 denos
979 3166 1056 3205 pei·
1123 3153 1260 3192 minos
1271 3159 1338 3194 est
1354 3154 1496 3203 enixa,
1510 3155 1734 3194 Romulum
1752 3160 1797 3193 et
1813 3155 2009 3197 Remum.

173 3206 364 3267 :iugulas
393 3213 535 3255 curias
562 3225 616 3254 ex
644 3215 855 3255 nobilibus
883 3214 1055 3257 familiis
1124 3217 1242 3257 Nota
1259 3224 1328 3258 est
1356 3217 1553 3263 omnibus
1573 3229 1649 3256 seu
1669 3215 1814 3255 fabula
1830 3228 1905 3256 seu
1923 3217 2005 3257 his-

169 3278 347 3329 neiegit:
393 3277 563 3330 quibus,
589 3282 634 3317 et
654 3278 706 3318 ad
726 3278 920 3330 corporis
940 3284 1054 3320 tute·
1123 3281 1250 3321 toria.

170 3339 273 3390 lam,
287 3345 332 3380 et
351 3339 407 3380 ad
432 3341 675 3381 necessaria
694 3342 836 3387 niuuia
855 3342 1054 3382 obeunda
1174 3343 1272 3385 dAb
1303 3345 1421 3384 Attio
1460 3343 1610 3394 Navio]
1651 3343 1737 3385 Qui
1773 3344 1877 3384 artis
1913 3357 2003 3387 suae

172 3404 397 3442 uteretur:
424 3403 499 3442 hos
517 3408 564 3442 et
581 3404 593 3426 ‘
613 3403 811 3444 celeres’
844 3406 1053 3456 appellari
1120 3409 1493 3449 commendatione
1557 3408 1786 3458 plurimum
1859 3411 2007 3460 potuit

174 3465 328 3515 voluit,
347 3466 415 3506 vel
433 3478 459 3505 a
478 3468 724 3518 celeritate,
745 3470 812 3509 vel
831 3469 884 3509 ab
904 3482 1051 3510 eorum
1119 3472 1235 3523 apud
1255 3471 1476 3524 populum,
1495 3476 1542 3510 ut
1564 3477 1715 3521 postea
1730 3471 1987 3514 videbimus.

174 3528 302 3580 duee,
320 3530 391 3571 cui
409 3531 540 3572 Celer
562 3543 716 3573 nomen
736 3538 866 3582 esset,
887 3538 935 3576 ut
958 3535 1051 3585 bla-
