2242 3958
356 302 427 355 66

1009 318 1087 355 DE
1127 314 1527 357 ROMANORUM'

887 518 1121 581 GENS
1189 520 1591 591 QUINTIA.

406 651 610 692 Qum'riA
630 662 734 703 gens
754 649 866 690 Alba
885 649 1028 690 diruta
1055 661 1078 688 a
1097 650 1224 690 Tullo

348 715 471 766 Rege
490 716 605 754 inter
636 712 850 752 Patricias
880 717 1111 764 cooptata3
1153 712 1223 752 hic

345 778 458 818 enim
473 778 527 818 de
542 776 722 816 Plebeia
735 787 816 814 non
829 776 992 827 agimus
1011 788 1021 814 :
1043 780 1224 828 quatuor

344 840 610 891 potissimum
649 838 832 878 familias
880 839 1107 890 complexa
1141 845 1224 890 est,

338 903 624 954 Capitolinos,
645 901 936 953 Cincinnatos,
961 901 1218 942 Flamininos

343 970 389 1005 et
435 965 677 1015 Crispinos=
734 977 758 1005 e
802 964 956 1016 quibus
992 965 1218 1004 brevitatis

342 1039 471 1067 causa
491 1026 616 1066 rebus
650 1028 784 1078 gestis
818 1026 1067 1067 clarissimos
1098 1039 1217 1080 quos-

342 1100 424 1141 que
444 1093 611 1127 tantum
631 1087 914 1140 proferemus.

367 1175 371 1180 ·
394 1152 431 1190 E
449 1150 700 1202 Capitolinis
711 1151 795 1191 duo
807 1150 993 1191 maxime
1006 1151 1216 1202 insignes3

339 1214 519 1266 quorum
535 1214 646 1254 alter
655 1215 704 1254 T.
721 1214 933 1254 Barbatus
948 1214 1217 1265 Capitolinus

337 1277 477 1317 sexies
502 1278 661 1317 Consul
681 1289 790 1317 anno
821 1280 914 1316 285.
944 1277 999 1316 de
1030 1277 1216 1323 Volscis,

336 1339 602 1390 Antiatibus,
613 1345 657 1380 et
667 1339 829 1393 AEquiS,
838 1341 976 1381 victor
984 1341 1217 1393 triumpha-

336 1403 428 1453 vit3
457 1403 567 1443 alter
586 1404 708 1443 Titus
736 1409 780 1443 et
812 1404 971 1444 Consul
991 1416 1100 1443 anno
1120 1407 1215 1446 332.

336 1472 382 1506 et
402 1467 621 1519 aliquanto
642 1471 741 1518 post
759 1466 973 1507 Tribunus
994 1467 1212 1507 Militaris.

389 1531 428 1571 E
444 1531 710 1571 Cincinnatis
746 1542 778 1570 1.
799 1531 956 1571 Lucius
975 1531 1026 1570 ad
1049 1530 1213 1570 Consu·

334 1595 469 1634 latum
502 1594 557 1634 ab
588 1599 732 1634 aratro
763 1602 937 1634 vocatus
975 1605 1085 1633 anno
1115 1597 1211 1634 283.

333 1658 441 1698 duas
464 1658 702 1699 dictaturas
735 1662 889 1709 postea
907 1657 1066 1710 gessit3
1113 1670 1213 1709 qua-

333 1734 426 1762 rum
463 1722 508 1762 in
546 1722 684 1774 prima
712 1720 951 1761 Minucium
983 1721 1214 1761 Consulem

331 1784 552 1836 liberavit,
575 1790 627 1824 -et
666 1784 722 1823 de
758 1783 906 1837 AEquis
944 1782 1024 1822 sub
1060 1783 1213 1835 jugum

330 1849 470 1889 missis
483 1848 766 1900 triumphavit
779 1862 791 1899 ;
809 1849 852 1887 in
865 1849 1002 1888 altera
1018 1859 1125 1888 vero
1137 1848 1213 1900 Sp.

331 1912 512 1952 Melium
534 1911 645 1952 dixit
678 1924 703 1951 a
733 1911 913 1952 Servilio
941 1911 1080 1951 Ahala
1109 1911 1211 1963 jure

330 1987 516 2015 caesum:
545 1985 570 2013 e
589 1979 790 2026 quatuor,
810 1986 916 2026 quos
947 1978 1213 2025 susceperat,

328 2037 442 2089 filiis,
461 2050 514 2077 11.
529 2038 684 2078 Lucius
699 2047 768 2078 ter
785 2037 1000 2078 Tribunus
1019 2037 1212 2077 militaris

327 2101 427 2155 fuit,
446 2103 577 2142 semel
595 2103 802 2154 magister
821 2102 1011 2154 equitum
1028 2116 1040 2151 ;
1070 2113 1120 2142 11.
1139 2102 1209 2140 Ti·

328 2168 398 2204 tus
434 2176 536 2204 vero
571 2165 639 2205 bis
682 2165 855 2216 Consul,
894 2169 1046 2204 contra
1076 2164 1207 2203 Veios

325 2229 440 2268 male
481 2229 719 2280 pugnavit:
760 2227 965 2267 illustrius
1022 2238 1094 2267 111.
1123 2227 1208 2266 Titi

325 2290 440 2331 illius
470 2290 547 2331 filii
579 2303 737 2332 nomen
773 2291 937 2342 duplici
968 2291 1206 2331 Tribunatu

326 2353 526 2401 Militari,
554 2353 801 2404 Dictatura,
837 2352 891 2392 de
924 2352 1205 2393 Praenestinis

327 2422 374 2456 et
400 2416 583 2456 victoria
612 2421 658 2457 et
687 2416 918 2467 triumpho.
983 2416 1101 2456 Duos
1133 2417 1204 2455 ille

325 2489 389 2518 lv.
403 2479 523 2519 Titos
544 2480 706 2532 genuit,
728 2491 905 2532 quorum
919 2479 1030 2519 alter
1045 2479 1204 2519 Consul

326 2554 437 2583 anno
454 2545 550 2583 402.

1345 650 1469 690 Alter
1497 663 1558 692 1v.
1590 651 1714 692 Titus
1742 653 1915 695 Pennus
1946 655 2167 709 Crispinus

1292 714 1449 754 Consul
1471 727 1580 754 anno
1600 719 1695 756 398.
1715 722 1758 756 et
1787 716 1842 757 de
1862 718 1998 758 Gallis
2019 721 2166 760 trium-

1290 777 1374 829 pho
1393 778 1534 818 clarus
1555 779 1848 830 Crispinorum
1867 779 2038 822 familiae
2051 783 2165 834 prin-

1290 851 1392 892 ceps
1413 841 1585 881 extitit:
1617 842 1730 881 illius
1759 843 1946 894 abnepos
1965 843 2069 884 vin.⁴
2097 845 2164 884 Ti-

1290 908 1355 942 tus
1380 904 1601 955 Crispinus
1630 906 1693 945 M.
1714 906 1911 946 Marcelli
1943 919 2052 947 anno
2070 908 2167 949 545.

1286 965 1328 1003 ἰη
1363 966 1598 1006 Consulatu
1632 968 1796 1019 collega
1825 968 1991 1008 insidiis
2031 968 2166 1008 Anni-

1286 1026 1393 1067 balis
1413 1040 1493 1071 una
1521 1041 1616 1068 cum
1635 1030 1846 1070 Marcello
1872 1030 2164 1083 deprehensns

1285 1101 1339 1128 ex
1364 1091 1608 1130 vulneribus
1647 1093 1773 1143 paulo
1807 1098 1905 1143 post
1937 1094 2059 1133 obiit.
2095 1106 2167 1135 xx.

1287 1154 1441 1193 Lucius
1460 1167 1514 1194 ex
1533 1166 1584 1195 eo
1607 1156 1777 1207 genitus
1808 1156 1862 1196 de
1884 1157 2096 1198 Lusitanis
2115 1164 2162 1198 et

1285 1219 1518 1259 Celtiberis
1546 1220 1760 1272 triumpho
1790 1221 2042 1272 Propraetor
2071 1223 2162 1273 eni·

1285 1282 1383 1322 tuit.
1452 1284 1551 1322 Duo
1591 1290 1807 1334 praeterea
1846 1285 1931 1324 Titi
1976 1285 2164 1338 Crispini

1284 1345 1559 1386 Consulatum
1573 1347 1651 1387 sub
1665 1346 1860 1399 Augusto
1881 1347 2030 1399 adepti
2044 1353 2160 1399 sunt,

1284 1409 1394 1448 alter
1410 1422 1520 1449 anno
1539 1413 1633 1450 744.
1654 1411 1764 1450 alter
1781 1422 1892 1450 anno
1905 1414 2001 1450 759.

1337 1472 1374 1510 Ε
1394 1473 1640 1512 Flamininis
1661 1479 1845 1526 quatuor
1868 1474 2076 1514 Consules
2094 1474 2160 1515 fu-

1282 1534 1365 1574 isse
1385 1535 1682 1587 perhibentur,
1698 1535 1895 1588 {quorum
1923 1536 2046 1588 primi
2075 1538 2160 1577 duo

1282 1596 1437 1638 fratres
1455 1599 1576 1638 Titus
1597 1604 1640 1639 et
1657 1599 1829 1648 Lucius,
1847 1598 1970 1639 ambo
1986 1599 2159 1652 quidem
2175 1623 2190 1643 a

1283 1661 1490 1701 Consules
1508 1674 1519 1711 ;
1552 1662 1624 1701 ille
1643 1674 1752 1702 anno
1772 1667 1866 1702 555.
1885 1662 1952 1702 hic
1971 1665 2063 1703 561.
2082 1663 2162 1702 sed

1282 1724 1406 1772 longe
1426 1723 1585 1774 dispari
1608 1724 1765 1775 gloria3
1798 1724 1952 1764 Lucius
1971 1723 2083 1764 enim
2101 1725 2159 1764 ob

1282 1787 1500 1826 libidinem
1517 1799 1542 1825 a
1553 1787 1782 1827 M.Cat0ne
1798 1787 1986 1826 Censore
1998 1786 2163 1826 Senatu

1280 1854 1419 1889 motus
1437 1853 1530 1900 est;
1574 1849 1696 1889 Titus
1716 1862 1818 1890 vero
1855 1861 1908 1889 ex
1929 1854 2165 1903 quaestura,

1281 1912 1393 1965 quod
1410 1912 1491 1964 ipsi
1524 1913 1740 1964 singulare
1759 1912 1859 1963 fuit,
1877 1914 2038 1954 Consul
2056 1914 2159 1953 Phi-

1280 1976 1445 2027 lippum
1470 1975 1740 2015 Macedoniae
1762 1977 1923 2028 Regem
1942 1976 2075 2016 semel
2092 1982 2159 2016 at-

1279 2052 1360 2093 que
1382 2040 1537 2079 iterum
1567 2039 1698 2088 vicit;
1739 2038 1885 2079 Nabin
1912 2039 2158 2090 Tyrannum

1279 2102 1478 2153 subegit3
1514 2113 1667 2154 pacem
1695 2106 1740 2141 et
1771 2101 2016 2141 libertatem
2037 2098 2159 2140 Grae·

1277 2166 1355 2205 ciae
1373 2164 1562 2205 reddidit
1578 2178 1590 2215 ;
1617 2169 1662 2205 et
1677 2176 1755 2216 per
1772 2164 1961 2204 triduum
1976 2163 2031 2204 de
2050 2164 2155 2204 Phi-

1276 2228 1396 2280 lippo
1428 2228 1734 2280 triumphavit:
1779 2227 1936 2269 deinde
1965 2227 2158 2268 Censura

1276 2291 1526 2343 perfunctus
1546 2293 1601 2332 ad
1632 2290 1830 2331 Prusiam
1856 2295 2004 2331 contra
2022 2289 2158 2329 Anni-

1272 2355 1410 2394 balem
1431 2355 1581 2394 missus
1601 2360 1680 2394 est.
1735 2354 1803 2393 Ex
1821 2353 1920 2393 Tito
1939 2351 2028 2392 filio
2044 2353 2159 2393 Con-

1273 2418 1382 2457 sules
1400 2417 1576 2466 habuit;
1617 2420 1821 2468 nepotem
1842 2427 1954 2455 anno
1983 2418 2081 2455 603.
2109 2420 2160 2454 ει,

1272 2485 1554 2533 pronepotem
1575 2490 1685 2518 anno
1704 2481 1800 2518 630.

795 2691 1032 2755 GENS
1106 2692 1674 2755 SEMPRONIA.

380 2820 511 2862 Gens
539 2821 792 2875 Sempronia
819 2822 1010 2863 Patricia
1030 2822 1203 2875 quidem

326 2884 507 2936 primum
537 2883 634 2937 fuit,
665 2886 738 2926 sed
768 2886 926 2927 deinde
961 2887 1015 2926 ad
1035 2886 1203 2938 plebem

326 2948 516 2989 transiit.
544 2947 737 2990 Atratini
749 2950 860 2990 enim
875 2949 1057 2990 Patricii
1074 2949 1203 2990 fuisse

324 3010 554 3062 dicuntur3
582 3011 786 3052 Tuditani
800 3025 918 3064 vero,
944 3013 1094 3065 Blaesi,
1124 3013 1200 3053 So·

329 3074 421 3127 phi,
436 3076 587 3128 Longi,
606 3076 807 3128 Gracchi,
824 3075 1007 3117 Plebeii.

363 3139 430 3178 Ex
444 3137 657 3179 Atratinis
666 3139 842 3180 Tribuni
854 3139 1057 3179 militares
1071 3138 1200 3179 bene-

322 3202 463 3254 multi,
475 3202 679 3243 Consules
693 3208 874 3256 quatuor
889 3206 1198 3241 memorantur:

326 3262 481 3314 Aulus,
506 3264 572 3304 bis
604 3277 715 3306 anno
746 3269 840 3307 256.
860 3270 907 3306 et
938 3269 1036 3306 262.
1069 3265 1200 3304 illius-

325 3337 408 3378 que
422 3325 499 3366 filii
517 3329 587 3368 vel
603 3333 785 3380 nepotes
802 3329 961 3369 Lucius
981 3334 1027 3368 et
1059 3328 1204 3378 Caius,

324 3388 397 3428 ille
419 3401 528 3430 anno
546 3395 640 3431 319.
658 3392 729 3432 hic
746 3395 839 3433 330.
884 3391 1052 3432 Floruit
1067 3390 1200 3430 multo

324 3457 424 3503 post
443 3453 570 3493 Caius
591 3453 843 3506 Atratinus;
873 3454 944 3508 qui
977 3465 1086 3496 anno
1105 3455 1199 3493 719.

325 3514 481 3556 Consul
502 3516 687 3567 ponitur.

1325 2823 1362 2862 E
1399 2822 1551 2862 Blaesis
1571 2833 1679 2861 unus
1714 2819 1843 2861 Caius
1878 2819 2045 2859 Blaesus
2077 2817 2157 2857 du·

1273 2887 1373 2938 plici
1411 2885 1647 2925 Consulatu
1683 2895 1793 2924 anno
1831 2886 1928 2923 500.
1967 2887 2013 2923 et
2055 2884 2153 2922 519.

1272 2955 1317 2989 et
1336 2948 1554 3000 triumpho
1573 2947 1627 2987 de
1646 2947 1794 2987 Poenis
1815 2947 1954 2986 clarus
1969 2944 2066 2986 fuit.

1323 3013 1361 3052 E
1375 3011 1527 3063 Sophis
1542 3011 1626 3050 duo
1641 3009 1801 3062 Publii,
1821 3014 1947 3062 pater
1961 3013 2008 3049 et
2026 3006 2157 3059 filius,

1269 3075 1521 3126 Consulatu,
1537 3074 1784 3126 Triumpho,
1813 3080 1858 3113 et
1885 3074 2078 3114 Censura
2103 3070 2154 3126 il-

1268 3141 1426 3179 lustres
1448 3137 1652 3187 fuerunt3
1683 3137 1845 3190 primus
1865 3134 2027 3177 Consul
2039 3144 2152 3173 anno

1268 3205 1363 3245 449.
1385 3202 1438 3241 de
1453 3200 1614 3253 AEquis,
1630 3200 1740 3239 alter
1761 3209 1870 3238 anno
1887 3200 1984 3238 485.
2004 3196 2058 3236 de
2076 3194 2149 3235 Pi-

1272 3264 1466 3305 centibus
1489 3262 1782 3315 triumphavit.

1324 3327 1362 3366 E
1394 3325 1616 3366 Tuditanis
1651 3329 1832 3376 quatuor
1867 3321 2149 3362 Consulatum

1269 3390 1455 3430 assecuti
1500 3394 1625 3438 sunt3
1672 3387 1850 3427 Marcus
1897 3397 2007 3425 anno
2053 3387 2149 3423 513.

1268 3452 1449 3492 Publius
1467 3455 1562 3493 549.
1591 3451 1765 3491 Marcus
1784 3452 1876 3489 563.
1897 3447 2025 3487 Caius
2052 3449 2148 3485 624.

1269 3527 1321 3556 eo
1349 3515 1484 3567 major
1506 3513 1650 3554 Publii
1679 3517 1724 3553 et
1743 3512 1835 3553 Caii
1865 3509 2021 3563 gloria,
2033 3506 2149 3561 quod
