2352 4022
670 323 801 362 cAP.
835 322 940 362 vu.
984 320 1062 360 nn
1103 318 1361 360 monem
1403 317 1529 358 sm.
1906 305 2016 361 395

190 443 387 495 ducem
413 458 600 495 eorum
626 442 723 504 ire,
747 443 846 511 qui
874 442 1133 504 dicerent,
1173 439 1480 508 ‘populum
1514 436 1679 489 Rom.
1704 438 1854 491 bella
1895 457 2015 492 sus-

191 527 382 593 cipere
408 527 609 590 solere,
652 544 779 594 quae
807 542 912 579 suo
936 525 1112 577 milite
1136 540 1321 591 gerere
1349 526 1570 592 posset:
1610 522 1845 589 proinde
1873 524 2016 574 clas-

192 626 309 662 sem
337 611 725 678 Carthaginem
750 608 1142 664 reducerent.’ss
1219 609 1374 661 Idem
1411 612 1541 676 post
1584 607 1803 674 aliquot
1843 623 2017 659 annos

191 692 467 748 Cannensi
491 696 650 749 clade
675 695 960 748 exhaustis
999 693 1247 746 Romani
1285 691 1499 760 imperii
1523 690 1756 753 viribuS,
1783 692 2018 759 supple-

191 784 442 832 mentum
483 781 769 834 exercitus
804 780 862 832 in
902 777 1242 846 Hispaniam
1286 778 1501 829 mittere
1542 793 1732 838 auSUS,
1758 775 1907 838 fecit,
1951 793 2019 832 ne

189 862 470 916 hostilium
497 864 656 918 locus
681 870 1005 926 castrorum,
1052 868 1168 914 tum
1193 862 1436 914 maxime
1473 860 1754 928 Capenam
1799 867 2018 929 portam

141 950 146 955 “
190 947 360 1002 armis
387 948 705 1003 Hannibale
730 949 1006 1018 pulsante,
1024 948 1253 1000 minoris
1277 948 1534 1011 veniret,v
1572 963 1738 1014 quam
1765 947 1813 998 si
1855 947 2023 1000 Poeni

192 1030 350 1084 illum
372 1049 482 1086 non
524 1030 878 1086 obtinerent!
946 1032 1040 1084 Ita
1082 1049 1144 1084 se
1188 1048 1372 1099 gerere
1411 1032 1468 1083 in
1507 1031 1752 1083 adversis
1794 1032 1958 1084 rebus
1976 1030 2023 1070 4⁶

192 1116 327 1183 quid
348 1116 503 1170 aliud
530 1122 632 1181 est,
677 1133 845 1186 quam
893 1117 1211 1170 saevientem
1257 1118 1552 1181 fortunam,
1591 1118 1649 1170 in
1690 1116 2024 1187 adjutorium

192 1199 302 1262 sui,
330 1201 545 1269 pudore
570 1203 776 1255 victam
801 1203 1164 1257 convertere?
1188 1201 1212 1225 '⁵

263 1284 352 1337 11.
391 1285 602 1354 Magno
631 1289 818 1356 spatio
845 1288 1059 1342 divisus
1087 1293 1173 1341 est
1212 1303 1246 1339 a
1288 1294 1484 1340 senatu
1509 1287 1580 1340 ad
1605 1287 1830 1357 poetam
1856 1285 2025 1340 Acci-

190 1376 334 1419 umw
373 1373 685 1425 transitusss
756 1371 1012 1426 Ceterum
1038 1377 1099 1426 ut
1125 1373 1197 1425 ab
1238 1389 1306 1425 eo
1347 1373 1638 1425 decentius
1680 1372 1752 1425 ad
1793 1377 2026 1424 externa

192 1457 564 1520 transeamus,
606 1455 946 1526 producatur
996 1458 1057 1508 in
1104 1457 1368 1509 medium.
1442 1457 1503 1509 Is
1551 1458 1589 1510 J
1594 1458 1708 1510 ulio
1749 1457 1961 1511 Caesari
1979 1463 2025 1496 4⁷

194 1538 544 1607 amplissimo
568 1547 625 1594 et
646 1542 1048 1594 florentissimo
1077 1544 1196 1594 viro
1218 1544 1276 1594 in
1301 1543 1596 1610 collegium
1621 1543 1907 1612 poetarum
1934 1559 2026 1596 ve-

191 1621 363 1676 nienti
388 1641 673 1694 nunquam
699 1628 1040 1681 assurrexit:
1078 1644 1187 1680 non
1208 1627 1522 1698 majestatis
1561 1627 1681 1696 ejus
1718 1629 2026 1691 immemor,

195 1707 291 1759 sed
317 1710 471 1778 quod
496 1711 553 1763 in
579 1713 1000 1780 comparatione
1025 1714 1404 1766 communium
1443 1714 1748 1767 studiorum
1774 1713 2028 1780 aliquan-

196 1795 258 1843 to
287 1793 633 1862 superiorem
659 1811 720 1848 se
744 1811 869 1849 esse
915 1797 1234 1851 confideret.
1311 1797 1669 1867 Quapropter
1710 1797 2026 1850 insolentiae

197 1876 423 1929 crimine
442 1881 653 1933 caruit:
692 1881 826 1950 quia
853 1881 934 1934 ibi
959 1882 1322 1948 voluminum,
1363 1899 1472 1935 non
1511 1883 1811 1950 imaginum
1853 1886 2029 1966 certa-

195 1959 345 2012 mina
368 1965 789 2019 exercebantur.

243 2133 271 2169 s
297 2136 425 2188 Fecit,
453 2143 499 2179 ut
517 2141 636 2190 locus,
662 2142 704 2182 in
722 2155 795 2195 quo
814 2144 944 2185 hostes
963 2149 1094 2186 castra
1111 2149 1339 2198 posuerant,
1366 2157 1442 2184 non
1461 2144 1604 2184 minori
1629 2143 1756 2194 pretio
1783 2143 2029 2192 venderetur,

196 2200 310 2252 quani
327 2192 364 2229 εἰ
380 2203 406 2230 α
424 2193 560 2234 Poenis
575 2208 653 2236 mm
660 2197 808 2245 suisset
826 2204 1056 2251 occupatus.-
1089 2202 1184 2240 dum
1202 2199 1409 2240 Hannibal
1435 2211 1510 2238 non
1535 2199 1674 2250 procul
1698 2197 1832 2238 aberat
1862 2209 1888 2235 a
1914 2200 2031 2248 porta

196 2254 273 2293 qua
291 2248 374 2283 rtur
395 2245 584 2297 Capuam.

248 2301 273 2330 ἶ
301 2297 529 2360 Quanquam
547 2315 623 2341 non
642 2305 804 2344 multum
817 2308 1021 2346 conveniat
1038 2305 1145 2347 inter
1163 2306 1370 2358 Senatum,
1387 2305 1443 2346 de
1466 2317 1550 2358 quo
1570 2304 1697 2346 modo
1717 2302 1852 2345 locuti
1871 2315 2032 2355 sumus,

197 2351 237 2387 et
255 2348 421 2392 Acetum
442 2354 624 2407 Po'etam,
654 2358 708 2398 de
729 2371 813 2411 quo
833 2371 947 2411 mox,
960 2360 1168 2402 dicemus.

963 2491 1262 2508 ‘OOOMOOOOOO

198 2586 307 2624 —46
334 2583 488 2637 eopes.
521 2597 606 2626 non
635 2587 766 2629 habet
798 2601 947 2630 vocem
978 2589 1107 2642 rebus,
1136 2589 1416 2643 probantibus
1442 2590 1641 2631 Perizon.
1676 2597 1722 2630 et
1747 2590 2031 2630 Turrem-47

1025 2730 1208 2772 NOTAE

253 2837 272 2879 ἲ
294 2832 376 2874 An.
391 2834 456 2875 M.
476 2839 597 2877 3776.
626 2838 698 2880 01.
717 2841 812 2880 125.
831 2842 872 2881 3.
902 2839 1010 2880 Urb.
1030 2840 1080 2882 C.
1202 2840 1227 2864 ⁶
1247 2840 1333 2880 An.
1357 2840 1420 2881 M.
1438 2842 1561 2880 3843.
1593 2837 1772 2880 01.142.
1793 2841 1834 2879 2.
1862 2837 2034 2880 Urb.C.

198 2897 295 2936 4⁷5.
326 2894 432 2937 Ant.
452 2899 530 2939 Ch.
545 2903 643 2940 277.
1149 2907 1243 2944 542.
1271 2903 1375 2944 Ant.
1395 2903 1476 2943 Ch.
1495 2906 1592 2943 210.

251 2958 464 3000 'Minoris
483 2962 655 3014 veniret]
692 2963 746 3013 Id
785 2963 900 3005 adeo
933 2976 1082 3016 super·
1202 2966 1432 3018 ''Ae-cium]
1477 2966 1584 3007 eum
1617 2964 1779 3005 Accius
1810 2964 1950 3005 Poeta
1987 2971 2034 3006 et

198 3020 298 3062 bum
326 3029 456 3076 atque
491 3026 711 3078 indignum
740 3029 876 3069 visum
916 3029 1082 3069 Hanni·
1151 3030 1201 3070 C.
1222 3030 1365 3072 Julius
1386 3030 1535 3070 Caesar
1555 3028 1736 3068 diversis
1756 3028 1884 3080 plane
1903 3039 2034 3068 vene·

199 3082 304 3134 balb
343 3089 437 3137 ejus
478 3087 572 3139 soli,
607 3089 720 3141 quod
756 3091 871 3131 bello
906 3096 1083 3143 captum
1150 3093 1238 3134 rint
1265 3093 1547 3146 temporibus,
1596 3091 1704 3131 alius
1743 3096 1827 3141 est,
1864 3091 1933 3130 vel
1964 3091 2033 3132 hic

199 3146 686 3199 possideret,inventum
697 3154 1081 3206 Romaeemtorem,
1151 3155 1311 3196 Accius
1329 3170 1354 3197 a
1373 3156 1530 3206 Poeta,
1550 3154 1617 3208 vel
1635 3154 1704 3193 hic
1721 3154 1869 3194 Caesar
1889 3166 1914 3192 a
1930 3154 2033 3194 Dic-

200 3213 248 3248 ut
266 3213 486 3263 extemplo
510 3220 670 3255 vocato
704 3216 916 3258 Praecone
935 3218 1084 3258 taber·
1152 3224 1318 3261 tatore:
1349 3225 1477 3259 natus
1507 3217 1619 3257 enim
1649 3216 1806 3256 Accius
1835 3222 1901 3256 est
1921 3228 2032 3257 anno

200 3282 275 3310 nan
312 3276 597 3328 argentarias,
639 3290 735 3330 quae
782 3280 899 3321 circa
941 3279 1082 3322 forum
1148 3282 1282 3323 Urbis
1314 3285 1409 3323 583.
1441 3293 1495 3321 ex
1529 3279 1731 3330 Eusebio,
1762 3279 1966 3319 Mancino
1987 3284 2034 3320 et

202 3334 437 3377 Romanum
477 3343 580 3380 tunc
614 3348 775 3394 essent,
792 3343 975 3395 jusserit
1011 3357 1083 3385 ve·
1147 3344 1333 3385 Serrano
1366 3344 1483 3383 Coss.
1540 3341 1733 3382 Pacuvio
1766 3341 1939 3394 quidem
1963 3341 2033 3393 ju-

199 3396 324 3469 nire:
356 3405 415 3450 at,
433 3402 504 3454 qui
526 3415 599 3445 eas
621 3414 802 3459 emeret,
821 3407 986 3449 invenit
1010 3421 1084 3449 ne·
1149 3407 1273 3456 nior-3
1305 3401 1475 3446 Caesare
1508 3415 1612 3444 vero
1642 3402 1875 3444 Dictatore
1898 3405 2031 3444 multo

203 3471 376 3502 1111118111.
1149 3471 1306 3510 senior,
