2352 4022
733 322 868 362 GAP.
898 322 937 360 1.
977 321 1058 361 ns
1097 319 1572 360 MonnRA'moNss.
1950 311 2059 364 423

241 440 416 494 fieri³⁸
432 448 450 471 ⁸
485 441 763 494 sacrificio
805 440 990 493 scriba
1011 456 1085 492 ex
1108 439 1351 508 publicis
1374 438 1584 492 tabulis
1610 438 1832 491 solenne
1857 441 1909 492 ei
1935 457 2057 509 pre-

241 526 484 579 cationis
503 532 545 567 ³⁹
583 523 825 578 carment
859 523 1098 593 praeiret,
1123 539 1233 591 quo
1258 522 1358 576 Dii
1382 523 1739 587 immortaleS,
1773 528 1833 576 ut
1870 526 2062 592 populi

242 610 491 664 Romani
514 627 606 663 res
646 610 907 662 meliores
947 608 1355 677 amplioresque
1397 607 1661 671 facerent,
1697 608 2059 675 rogabantur:

242 699 260 723 ‘
282 695 475 759 Satis:
512 697 707 765 inquit,
746 696 946 747 ‘bonae
973 709 1041 744 ac
1076 708 1289 760 magnae
1316 698 1480 745 sunt:
1517 694 1954 761 itaque'precor,
1999 701 2065 747 ut

238 795 338 833 eas
361 787 630 849 perpetuo
657 780 974 833 incolumes
1002 776 1263 831 servent.'
1336 778 1423 830 Ac
1447 779 1696 846 protinus
1734 779 1790 830 in
1814 779 2063 847 publicis

243 865 452 917 tabulis
488 867 559 918 ad
583 867 731 918 hunc
761 866 987 917 modum
1033 877 1246 916 carmen
1282 863 1578 916 emendare
1597 868 1643 902 40
1670 863 1859 932 jussit.
1934 862 2068 927 Qua

242 954 499 1002 votorum
522 951 862 1004 verecundia
881 949 1150 1017 deinceps
1175 964 1434 1001 censores
1454 949 1513 1000 in
1535 948 1837 1001 condendis
1871 949 2066 1002 lustris

241 1036 337 1088 usi
374 1042 519 1089 sunt.
592 1036 899 1089 Prudenter
936 1035 1085 1088 enim
1131 1035 1320 1099 sensit,
1354 1041 1484 1087 tunc
1517 1036 1910 1088 incrementum
1950 1033 2066 1086 Ro-

241 1136 408 1174 mano
435 1121 667 1190 imperio
706 1122 1004 1190 petendum
1040 1121 1242 1184 fuisse,
1284 1137 1411 1173 cum
1436 1121 1581 1172 intra
1606 1120 1899 1188 septimum
1922 1119 2067 1186 lapi-

241 1202 370 1255 dem
389 1211 413 1234 ¹¹
449 1205 715 1274 triumphi
742 1207 1156 1274 quaerebantur:
1196 1205 1463 1275 majorem
1490 1214 1675 1258 autem
1699 1205 1873 1258 totius
1899 1209 2068 1257 terra-

242 1303 366 1340 rum
392 1291 542 1342 orbis
564 1295 776 1359 partem
802 1291 1130 1359 possidenti,
1155 1297 1220 1343 ut
1257 1290 1479 1344 avidum
1516 1297 1669 1343 esset
1680 1297 1723 1330 4¹
1764 1290 2069 1359 quicquam

245 1372 389 1426 ultra
413 1381 697 1443 appetere,
733 1376 812 1428 ita
837 1375 1055 1428 abunde
1079 1375 1238 1440 felix,
1279 1376 1328 1428 si
1353 1375 1490 1428 nihil
1512 1393 1588 1428 ex
1623 1393 1709 1439 e0,
1750 1375 1901 1444 quod
1927 1374 2069 1426 obti-

243 1459 433 1524 nebat,
469 1462 765 1514 amitteret.
841 1461 1045 1529 Neque
1084 1461 1198 1513 alia
1235 1460 1358 1529 ejus
1398 1463 1456 1513 in
1496 1477 1729 1514 censura
1767 1459 2071 1513 moderatio

246 1558 349 1610 pro
374 1546 636 1599 tribunali
662 1546 942 1615 apparuit.
1016 1544 1311 1598 Centurias
1349 1561 1763 1612 recognoscens
1806 1544 2072 1611 equitum,

1003 1697 1306 1714 eeomeoeoee

241 1791 437 1845 posterior
452 1805 494 1834 n.
509 1795 548 1833 d.
563 1806 598 1834 s.
617 1798 649 1834 t.
668 1807 745 1834 mm
761 1794 1063 1846 patinam—38
1083 1796 1096 1819 ‘
1111 1796 1180 1836 Ita
1194 1809 1303 1837 unus
1318 1796 1482 1836 Brand.
1502 1807 1608 1835 unus
1622 1796 1770 1835 Rhem.
1785 1794 1911 1847 prim.
1930 1795 2074 1837 Bitur.

245 1851 293 1885 et
313 1845 469 1898 Ultraj.
489 1846 618 1899 idque
637 1848 815 1898 Pighius
846 1849 887 1888 in
910 1855 1074 1889 textum
1106 1851 1292 1902 recepit,
1317 1851 1434 1890 nulla
1465 1850 1509 1889 in
1543 1850 1655 1889 notis
1690 1851 1858 1889 ratione
1892 1849 2074 1889 reddita.

247 1899 395 1939 Ceteri
410 1901 511 1953 fieri
528 1902 747 1951 omittunt,
777 1902 914 1942 sedin
934 1904 1056 1943 Leid.
1078 1910 1189 1954 sept.
1221 1910 1267 1943 et
1287 1904 1424 1956 quint.
1458 1903 1689 1954 ascriptum
1719 1911 1785 1942 est
1816 1903 1909 1952 viri,
1937 1908 1986 1943 nt
2018 1904 2074 1942 sit

244 1952 363 1992 solito
376 1954 470 2005 viri,
485 1959 531 1995 at
543 1954 585 1994 in
602 1955 725 1996 Leid.
745 1956 878 2007 quint.
896 1957 975 1996 viri
993 1963 1166 1997 notatur
1180 1959 1366 2009 punctis,
1385 1963 1431 1997 ut
1443 1957 1695 1997 delendum.
1722 1957 1824 1996 Vet.
1846 1958 1962 1996 solita
1977 1956 2073 2007 viri,

246 2005 361 2058 quod
381 2008 482 2058 quia
507 2009 673 2060 Lipsius
694 2010 736 2048 in
758 2010 865 2049 libro
895 2016 1044 2050 vetere
1072 2011 1310 2062 invenerat,
1339 2011 1529 2063 conjecit
1559 2010 1784 2059 mutuarat,
1812 2022 1939 2062 quam
1972 2022 2077 2050 con·

238 2059 456 2110 ‚iecturam
470 2061 562 2112 jam
580 2067 679 2102 ante
708 2063 896 2114 Lipsium
931 2064 1170 2116 protulerat
1202 2065 1405 2117 Cujacius
1439 2071 1485 2104 et
1519 2071 1617 2116 post
1647 2077 1745 2104 eum
1779 2064 1973 2111 Colerus,
2001 2065 2074 2116 qui

244 2113 458 2154 solitaurili
477 2117 517 2154 in
536 2121 702 2156 textum
727 2118 910 2169 recepit.
964 2117 1073 2158 Mihi
1089 2118 1261 2158 videtur
1275 2120 1390 2158 solito
1405 2118 1504 2172 fieri
1534 2130 1635 2157 vera
1669 2117 1799 2157 lectio
1831 2129 1940 2164 esse,
1968 2117 2075 2158 licet

235 2165 335 2219 fieri
352 2168 618 2209 commodius
637 2170 823 2211 abesset.
878 2172 945 2211 Ex
961 2171 1076 2223 fieri,
1100 2173 1211 2211 male
1231 2174 1526 2224 pronuntiato,
1552 2171 1714 2211 factum
1747 2177 1814 2211 est
1836 2171 1929 2222 viri,
1960 2171 2075 2224 quod

248 2220 352 2272 quia
387 2222 569 2262 alienum
607 2229 718 2272 erat,
760 2223 928 2274 plurimi
964 2225 1214 2265 omiserunt.
1271 2227 1493 2266 Utrumvis
1531 2233 1672 2265 tamen
1712 2226 1862 2276 eligas,
1890 2237 1970 2276 per
2006 2237 2075 2264 me

246 2273 383 2314 licet!
412 2277 656 2328 Kapp.—39
685 2277 797 2317 Edd.
819 2284 927 2319 vett.
943 2281 1103 2318 solemni
1120 2280 1203 2328 ejus
1233 2280 1485 2330 precationis.
1540 2279 1781 2319 Gronovius
1816 2284 2000 2318 testatur
2031 2279 2075 2318 in

250 2327 351 2367 cod.
372 2326 544 2370 Andino
565 2343 642 2381 pro
657 2331 820 2381 proeiret
842 2343 948 2381 esse,
976 2334 1320 2384 interpretaretur.
1376 2333 1497 2374 Leid.
1532 2336 1567 2373 1.
1596 2336 1636 2372 2.
1669 2332 1906 2382 precationis
1937 2333 2078 2384 impre-

248 2385 408 2421 caretur
421 2395 438 2430 ,-
467 2383 588 2423 Leid.
609 2388 648 2424 ⁷.
666 2385 958 2436 impetraretur,
987 2394 1033 2426 et
1052 2387 1106 2426 ab
1127 2387 1180 2426 al.
1202 2399 1257 2426 m.
1276 2388 1429 2427 solenne
1446 2389 1483 2426 ei
1505 2385 1742 2438 precationis
1773 2386 1944 2425 carmine
1971 2398 2076 2437 proe-

247 2434 327 2474 iret
340 2448 358 2483 ,-
385 2437 524 2476 codex
546 2437 776 2486 Perizonii,
799 2437 1053 2490 prediction-is
1066 2447 1222 2479 carmen
1234 2441 1452 2491 proeiniret.
1508 2440 1654 2480 Ceteri
1671 2439 1797 2480 codd.
1830 2451 1927 2478 cum
1955 2440 2077 2492 Mog.

250 2493 300 2528 ut
319 2488 362 2527 in
381 2494 627 2530 teum—40
656 2493 668 2514 ‘
682 2492 756 2532 Sic
775 2493 973 2533 Vorstius
994 2500 1040 2533 et
1058 2494 1288 2533 Torrenius
1307 2493 1551 2544 ediderunt,
1576 2494 1692 2532 nulla
1712 2494 1754 2532 in
1775 2493 1887 2532 notis
1907 2493 2079 2534 reddita

248 2542 435 2593 ratione,
463 2546 600 2584 ceteri
625 2546 732 2584 editi
760 2547 973 2586 emendari.
1030 2547 1302 2587 Praetulerim
1335 2554 1479 2588 tamen
1515 2550 1718 2587 emendare
1742 2546 1882 2596 jussit,
1921 2559 2076 2599 nempe

247 2594 261 2616 ‘
278 2595 490 2636 scribam!
503 2596 515 2615 '
535 2599 772 2650 Kapp.—41
799 2600 871 2639 Ita
887 2613 964 2652 pro
979 2613 1074 2651 esse,
1092 2601 1203 2653 quod
1217 2601 1423 2642 exhibent
1434 2601 1533 2641 edd.
1551 2607 1656 2641 vett.
1672 2601 1809 2640 edidit
1821 2601 2051 2641 Torrenius
2063 2615 2076 2641 :

247 2648 356 2688 ‘esse
374 2656 496 2690 extat
514 2651 558 2690 in
578 2651 772 2692 undecim
797 2653 899 2694 Mss.
918 2655 1019 2694 Vet.
1040 2662 1085 2694 et
1119 2657 1237 2706 Mog.
1270 2656 1384 2708 quod
1418 2663 1536 2694 recte
1569 2653 1806 2706 praeferunt
1833 2654 2077 2695 Gronovius

249 2707 297 2742 et
315 2702 582 2755 Perizonius,
610 2706 681 2757 qni
698 2706 820 2745 sensit
838 2708 1016 2759 repetit.
1071 2709 1232 2749 Parum
1252 2710 1381 2748 etiam
1401 2707 1557 2758 abfuit,
1584 2709 1686 2760 quin
1718 2720 1798 2747 esse
1829 2708 1874 2747 in
1906 2713 2077 2748 textum

248 2756 502 2810 reciperem,
515 2759 628 2811 quod
650 2760 777 2800 unice
794 2772 941 2801 verum
959 2760 1183 2803 existimo:
1214 2767 1311 2803 esset
1327 2767 1395 2802 est
1414 2774 1440 2802 a
1455 2763 1731 2814 praecedente
1743 2765 1789 2801 ut
1803 2760 2076 2813 profectum!

1069 2897 1248 2938 NOTAE

304 3006 322 3027 ⁸
345 3002 462 3054 Inque
493 3004 606 3044 solito
625 3004 744 3058 fieri]
798 3006 893 3058 Ego
923 3006 1128 3047 libentius
1197 3006 1284 3058 lia,'
1304 3007 1477 3047 Servius
1504 3005 1875 3058 ‘suovetaurium,’
1894 3006 1966 3046 alii
1987 3006 2077 3047 ‘so-

251 3076 348 3104 cum
397 3065 543 3116 Lipsio
578 3067 771 3118 legerim,
806 3069 1023 3109 solitauriti
1065 3082 1129 3110 sa·
1197 3070 1427 3110 litaurilia.'

250 3126 425 3179 crificio;
463 3129 575 3180 quod
606 3130 902 3171 lustrationum
926 3133 1130 3172 omnium·
1253 3135 1266 3159 ῑ
1284 3134 1471 3186 Carmen]
1501 3133 1599 3173 Hoc
1614 3139 1680 3172 est
1698 3132 1938 3184 formulam,
1958 3135 2078 3186 cujus

254 3193 475 3245 proprium
495 3193 594 3233 fuit.
651 3193 704 3233 In
741 3196 878 3234 lustro
909 3196 1021 3235 enim
1043 3209 1132 3237 mos
1199 3210 1252 3236 ne
1291 3210 1418 3237 unam
1469 3197 1641 3250 quidem
1681 3197 1874 3237 voculam
1916 3197 2079 3239 licebat

252 3254 337 3296 fuit
373 3262 422 3296 ut
464 3259 683 3296 exercitus
719 3259 855 3298 omnis
901 3259 945 3298 in
976 3272 1131 3312 campo
1199 3260 1440 3300 immutare.

255 3319 414 3359 Martio
436 3320 628 3370 adesset,
645 3314 794 3374 ibique¹
811 3334 902 3374 sue,
922 3335 1019 3374 ove,
1040 3329 1132 3364 tau·
1251 3331 1269 3352 *¹
1293 3325 1409 3364 Intra
1434 3325 1640 3375 septimum
1673 3322 1858 3375 lapidem]
1899 3324 1952 3365 Id
1991 3331 2075 3377 est,

255 3382 402 3433 risque
428 3383 718 3424 lustraretur:
759 3385 840 3425 hoc
874 3386 1132 3427 sacrificium
1197 3388 1311 3428 intra
1329 3393 1496 3438 septem
1516 3387 1650 3426 millia
1678 3399 1900 3437 passuum:
1943 3388 2076 3440 majo-

255 3446 416 3495 Varro,
471 3446 633 3497 Livius,
686 3448 841 3497 Festus
887 3450 899 3471 ‘
923 3449 1133 3490 solitauri-
1198 3464 1266 3491 res
1298 3449 1410 3490 enim
1442 3449 1655 3502 lapidibus
1679 3449 1880 3490 milliaria
1914 3450 2075 3504 singula

255 3509 343 3549 lia'
377 3509 614 3562 appellant,
659 3513 767 3553 Cato
821 3513 834 3536 ‘
868 3515 1130 3555 suovetauri·
1196 3512 1494 3565 designabant.
