2352 4022
330 253 436 306 106

334 385 484 424 Rhem.
502 387 537 423 1.

336 783 446 833 Rup.

336 914 485 964 Steph.
498 928 503 932 ·

336 979 433 1018 Sus.

337 1045 510 1083 Tor-ren.

342 1110 496 1161 Ultraj.
516 1112 552 1149 1.
567 1112 607 1149 2.

340 1245 442 1284 vat.
460 1248 498 1284 1.
513 1247 552 1283 2.

340 1311 500 1350 Venet.
531 1314 567 1349 1.

521 1379 562 1416 2.

522 1445 561 1483 3.

523 1513 563 1550 4.

525 1580 565 1617 5.

349 1645 453 1690 vet.

349 1775 536 1818 Vindob.

350 1844 497 1883 Vorst.

353 1909 477 1949 Voss.
497 1913 535 1950 1.

352 1980 537 2016 —2.

357 2174 528 2218 Winck.
548 2178 585 2216 1.
602 2178 642 2215 2.
660 2176 699 2215 3.

802 264 1129 305 ELENGHUS
1170 261 1663 301 ALPHABE'rlc-US.

759 381 908 422 Codex
929 379 1176 420 Rhemensis
1197 378 1376 430 primus,
1392 390 1518 430 quem
1535 376 1687 419 habuit
1715 379 1881 421 Gudius
1901 391 1955 420 ex
1981 380 2142 422 Biblio-

814 449 939 488 theca
960 446 1270 486 Canonicorum
1289 446 1457 486 Eccies.
1478 445 1681 486 cathedr.
1866 443 1873 447 ”

761 515 908 555 Codex
929 513 1177 553 Rhemensis
1197 512 1423 564 secundus,
1452 524 1577 565 quem
1598 512 1748 554 habuit
1766 512 1878 554 idem
1912 513 2078 554 Gudius
2093 525 2148 554 ex

808 580 1074 620 Bibliotheca
1090 580 1134 620 S.
1156 580 1367 632 Dionysii.

753 645 900 686 Codex
937 646 1186 686 Rhemensis
1223 646 1394 697 tertius,
1426 645 1469 686 in
1503 645 1756 686 monasterio
1788 644 1830 685 S.
1850 643 2034 696 Remigii
2061 655 2149 684 ser-

813 716 951 751 vatus.

762 777 1093 830 christophorus
1123 776 1262 820 Adam
1292 779 1476 831 Ruperti
1505 778 1548 819 in
1570 778 1678 819 Obs.
1700 777 1963 829 Valerianis,
1980 776 2154 819 Norim-

814 845 931 897 berg.
954 857 1022 886 an.
1038 849 1159 885 1663.

767 911 911 951 Editio
931 911 1040 952 Rob.
1057 911 1268 963 Stephani
1285 924 1353 952 an.
1372 914 1492 951 1544.
1514 923 1643 962 penes
1673 909 1729 951 A.
1743 911 1787 953 J.
1802 911 1966 963 Valpy.

763 976 910 1017 Codex
929 990 1053 1030 quem
1075 977 1228 1029 Pighio
1247 976 1452 1029 praestitit
1470 977 1658 1019 ,Iacobus
1675 977 1835 1018 Susius.

761 1043 990 1083 Torrenius
1010 1043 1053 1083 in
1073 1044 1153 1084 Ed.
1169 1055 1246 1083 sua
1266 1056 1335 1083 an.
1356 1046 1476 1084 1726.

771 1110 870 1150 Duo
890 1109 1062 1149 codices
1097 1108 1392 1160 Ultrajectini‚
1422 1120 1527 1161 quos
1546 1108 1731 1148 contulit
1748 1106 1853 1147 Arn.
1883 1107 2158 1148 Drakenbor-
2241 1126 2245 1128 >

816 1177 950 1216 chius.
1006 1177 1088 1216 His
1107 1177 1239 1216 etiam
1258 1189 1358 1216 usus
1378 1181 1472 1215 erat
1491 1176 1677 1227 Lipsius.

770 1243 951 1283 Codices
967 1242 1186 1293 Vaticani,
1203 1254 1309 1294 quos
1334 1242 1500 1282 Gudius
1519 1241 1580 1281 ita
1598 1241 1866 1293 designavit:
1895 1242 1949 1283 P.
1966 1245 2004 1282 1.
2040 1243 2144 1286 PAE.

774 1308 917 1348 Editio
935 1308 1106 1347 Veneta
1134 1319 1211 1360 per
1230 1308 1478 1359 Spirensem
1506 1319 1574 1348 an.
1594 1310 1715 1348 1471.

1135 1386 1213 1427 per
1229 1374 1274 1417 J.
1291 1374 1346 1415 de
1366 1374 1543 1415 Colonia
1570 1386 1638 1414 an.
1659 1377 1777 1416 1474.

1568 1453 1637 1481 an.
1657 1445 1777 1482 1475.

1138 1520 1163 1547 a
1182 1509 1302 1548 Bono
1321 1507 1530 1548 Accursio
1550 1520 1617 1548 an.
1638 1510 1759 1548 1478.

1142 1587 1218 1626 per
1235 1574 1530 1614 Bononienses
1552 1586 1621 1614 an.
1642 1577 1762 1615 1485.

771 1640 916 1682 Editio
934 1642 1118 1681 omnium
1137 1641 1352 1694 princeps,
1370 1641 1568 1681 Fabricio
1587 1652 1672 1680 non
1701 1640 1890 1693 cognita,
1916 1653 2042 1694 quam
2063 1652 2164 1680 con-

828 1708 927 1748 tulit
946 1709 1157 1760 Kappius.

777 1774 926 1815 Codex
944 1773 1319 1814 Vindoboniensis.

776 1841 974 1882 vorstius
994 1842 1036 1881 in
1056 1842 1135 1882 Ed.
1151 1853 1228 1881 sua
1246 1853 1315 1881 an.
1337 1843 1457 1881 1672.

777 1908 923 1948 Codex
940 1909 1175 1948 Vossianus
1194 1908 1374 1961 primus,
1392 1919 1417 1946 a
1435 1905 1580 1947 Gudio
1600 1905 1848 1958 designatus
1866 1904 1932 1946 lit.
1950 1906 2003 1945 V.
2022 1907 2061 1946 1.

781 1974 930 2015 Codex
948 1976 1179 2016 Vossianus
1198 1976 1408 2016 secundus
1426 1974 1601 2026 optimae
1621 1979 1755 2025 notae,
1770 1971 1846 2012 sed
1861 1971 2052 2024 mutilus,
2067 1971 2168 2011 olim

833 2041 954 2082 Petri
971 2042 1173 2094 Puteani,
1187 2043 1232 2082 in
1252 2054 1338 2095 quo
1357 2041 1411 2081 ad
1440 2041 1674 2093 marginem
1702 2040 1903 2093 ascriptas
1932 2045 2056 2080 erant
2072 2038 2170 2079 VV.

836 2108 925 2148 LL.
943 2120 996 2148 ex
1015 2109 1098 2148 alio
1118 2108 1283 2148 codice.

782 2174 966 2216 Codices
986 2175 1165 2228 Collegii
1191 2173 1489 2226 Winckeliani,
1509 2171 1663 2228 quibus
1684 2184 1781 2214 usus
1798 2181 1891 2217 erat
1910 2171 2102 2224 Pighius.
