2352 4022
693 297 827 336 cAP.
855 297 990 335 v111.
1035 296 1115 334 os
1159 294 1527 335 MiRAcuffls.
1928 286 2035 339 209

208 419 416 475 Latina
441 418 513 472 ad
538 423 796 487 quartum
821 416 1160 478 milliarium,
1202 432 1268 468 eo
1309 420 1554 484 tempore
1594 432 1722 468 cum
1774 415 1894 468 aede
1938 434 2041 472 sua

208 509 609 567 consecratum,
638 519 748 571 quo
775 501 1132 554 Coriolanum
1149 507 1178 529 W
1217 502 1288 554 ab
1315 501 1540 554 excidio
1566 502 1740 555 Urbis
1777 507 2040 557 maternae

207 607 408 660 preces
449 590 793 657 repulerunt,
834 603 946 639 non
989 587 1178 649 semel,
1204 588 1304 639 sed
1346 589 1434 639 bis
1477 588 1723 640 locutum
1769 589 2041 653 constitit,

179 714 185 717 -
206 675 364 745 prius
386 675 474 728 his
498 674 684 728 verbis
705 691 718 726 z
737 679 776 710 ²³
809 671 969 724 ‘Rite
994 687 1081 722 me
1105 676 1371 725 matronae
1399 673 1648 726 vidistis:
1677 673 1922 742 Riteque
1947 675 2041 726 de-

211 759 516 815 dicastiS.'†
1111 803 1120 812 .

279 848 332 899 5.
369 845 598 899 Valerio
624 847 808 896 autem
834 840 1168 909 Poplicolax
1206 840 1340 894 Cos.
1370 842 1466 910 qui
1508 846 1639 910 post
1680 847 1913 896 exactos
1957 860 2041 896 re-

209 947 309 1000 ges
333 930 544 983 bellum
581 945 708 981 cum
730 926 1065 980 Veientibus
1102 931 1157 979 et
1193 926 1491 979 Hetruscis
1515 928 1710 994 gessit,
1750 928 1865 980 illis
1906 928 2042 981 Tar-

210 1015 401 1084 quinio
447 1013 742 1082 pristinum
758 1016 805 1050 ²4
839 1010 1134 1078 imperium
1171 1011 1503 1074 restituere,y
1543 1012 1839 1065 Romanis
1863 1029 2044 1082 nuper

208 1105 423 1169 partam
444 1099 758 1152 libertatem
797 1097 1029 1149 retinere
1066 1096 1452 1164 cupientibus:
1497 1097 1793 1149 Hetruscis
1821 1103 1879 1150 et
1904 1099 2042 1150 Tar-

205 1183 394 1252 quinio
423 1185 480 1236 in
506 1201 673 1236 cornu
698 1183 931 1235 dextr0²
968 1182 1166 1250 praelio
1184 1187 1226 1219 2⁵
1266 1170 1672 1250 superioribus,
1715 1187 1903 1235 tantus
1931 1190 2042 1235 ter-

204 1285 298 1322 ror
321 1270 512 1323 subito
537 1269 783 1332 incessit,
808 1273 872 1320 ut
896 1284 1008 1320 non
1047 1267 1225 1319 solum
1262 1267 1501 1320 victores
1534 1268 1646 1336 ipsi
1673 1267 2040 1336 profugerent,

118 1350 125 1354 ”
206 1353 311 1406 sed
335 1355 502 1407 etiam
529 1355 755 1422 pavoris
791 1353 881 1406 sui
919 1357 1202 1405 consortes
1228 1368 1420 1404 secum
1452 1352 1714 1405 Veientes
1749 1353 2039 1406 traherent.

209 1437 319 1491 Cui
360 1439 440 1491 rei
455 1437 501 1470 ²⁶
538 1454 636 1506 pro
681 1444 1000 1506 argumento
1039 1436 1365 1488 miraculum
1406 1436 1690 1505 adjicitur3
1728 1437 1919 1503 ingens
1958 1454 2041 1490 re-

207 1528 377 1591 pente
404 1539 518 1576 vox
546 1539 576 1575 e
601 1523 859 1592 proxima
901 1521 1063 1589 sylva
1085 1520 1301 1586 Arsia,“
1336 1538 1459 1590 quae
1485 1537 1579 1573 ore
1608 1522 1842 1589 Sylvani
1860 1528 1901 1561 27
1922 1521 1941 1552 b
1981 1524 2036 1574 in

981 1656 1276 1671 OOOOOO‘OO‘OO

202 1730 310 1767 —23
337 1727 489 1768 ‘Sicut
525 1732 662 1767 totum
699 1727 812 1767 hunc
847 1728 987 1766 locum
1026 1726 1238 1777 dedimus,
1266 1726 1426 1777 legitur
1458 1725 1501 1765 in
1540 1725 1736 1766 omnibus
1770 1725 1896 1767 editt.
1939 1733 2041 1765 ante

206 1781 421 1832 Pighium,
448 1787 494 1822 et
512 1782 619 1820 Mss.
639 1787 801 1832 praeter
819 1781 1020 1820 Sambuci
1040 1780 1137 1820 cod.
1159 1782 1229 1821 ubi
1246 1794 1257 1820 ε
1287 1781 1350 1819 his
1364 1780 1477 1831 prius
1495 1780 1643 1819 verbis.-
1674 1782 1752 1819 rite
1772 1793 1831 1819 me
1851 1784 2040 1819 matronoe

203 1835 385 1875 vidistis.-
410 1835 579 1880 deinde‚·
604 1837 682 1874 rite
700 1836 921 1875 dedicastis.
966 1834 1053 1875 Sed
1072 1834 1121 1874 τὸ
1140 1835 1278 1874 deinde
1297 1834 1399 1872 mihi
1421 1833 1592 1886 quidem
1613 1833 1785 1873 videtur
1806 1835 2042 1885 explicatio

202 1888 276 1927 τοῦ
292 1901 379 1940 que.
436 1889 627 1939 Pighius,
654 1888 726 1940 qui
762 1890 804 1927 in
838 1889 1026 1928 lectione
1059 1888 1235 1939 vulgata
1267 1889 1371 1927 nihil
1405 1887 1587 1937 invenit,
1615 1887 1725 1939 quod
1759 1889 1814 1939 τῷ
1845 1889 1956 1939 prius
1976 1900 2042 1926 re-

206 1942 458 1993 sponderet,
487 1943 591 1982 iilud
625 1944 822 1993 mutavit,
852 1945 898 1982 et
927 1956 980 1981 ex
1009 1944 1179 1994 ingenio
1212 1942 1349 1992 dedit,
1381 1942 1444 1981 liis
1474 1953 1584 1993 poene
1615 1940 1768 1988 verbis,·
1812 1942 1923 1992 quod
1960 1953 2042 1980 non

204 1996 379 2047 placet-¹
405 1997 540 2047 Kapp.
596 1997 766 2047 Lipsius
801 1997 915 2046 conj.
950 1996 1077 2047 privis
1109 1996 1172 2036 his
1203 1996 1360 2042 verbis,·
1403 1995 1487 2045 vel,
1529 1995 1707 2034 constitit
1743 1995 1937 2045 patribus,
1982 1995 2044 2034 his

205 2049 347 2090 verbis.
404 2049 571 2090 Gudius
590 2051 739 2099 malit;
769 2050 862 2089 Rite
882 2062 940 2088 me
959 2054 1147 2089 matrona>
1166 2049 1335 2098 vicistis,
1364 2047 1637 2099 improbante
1665 2048 1884 2087 Torrenio.
1943 2048 2042 2086 Duo

207 2102 360 2143 Rhein.
380 2102 538 2143 habent
556 2116 565 2142 t
595 2104 705 2154 prius
721 2103 797 2142 rite
811 2115 870 2142 me
888 2107 1074 2142 matrona>
1094 2103 1263 2141 vidistis.
1319 2103 1431 2142 Sunt
1450 2102 1521 2152 qui
1547 2114 1623 2152 pro
1643 2102 1851 2140 dedicastis
1879 2102 2043 2140 habent

206 2156 383 2196 dicustis.
437 2157 673 2208 Singularis
707 2156 776 2196 hic
803 2163 869 2195 est
891 2155 1052 2196 Aldus:
1086 2156 1181 2195 Rite
1213 2168 1264 2195 m.
1293 2169 1346 2195 m.
1376 2155 1660 2194 vovistis—24
1691 2155 1828 2194 Codd.
1849 2155 2043 2195 Perizon.

206 2209 338 2250 Barb.
358 2212 397 2250 1.
417 2214 457 2251 2.
477 2216 523 2249 et
539 2210 691 2250 Heius.
713 2213 752 2249 1.
787 2209 1020 2261 Tarquinios
1051 2210 1091 2248 in
1120 2209 1356 2261 pristinum:
1383 2209 1508 2247 Harl.
1529 2213 1573 2247 et
1595 2208 1715 2248 Leid.
1735 2212 1774 2247 6.
1810 2207 2043 2260 Tarquinios

204 2263 441 2314 pristinum.-
470 2264 625 2316 Ultraj.
648 2268 685 2303 l.
719 2263 931 2315 Tarquinio
942 2263 1136 2314 priscum.-
1166 2262 1318 2302 Heins.
1338 2266 1376 2302 2.
1401 2262 1611 2313 Tarquinio
1626 2261 1867 2313 pristinum.-
1898 2264 1938 2300 in
1962 2263 2043 2300 alio

205 2317 408 2358 Perizou.
431 2318 602 2369 Tarquin
618 2317 842 2369 pristinum.
898 2317 1039 2368 Supra
1061 2318 1205 2368 plures
1226 2316 1355 2356 codd.
1379 2316 1611 2361 Publicola,-
1637 2316 1760 2362 item,
1791 2315 2044 2354 Etruscis.—-

205 2370 257 2410 25
287 2370 437 2411 Codex
459 2371 659 2410 Perizon.
682 2376 726 2410 et
750 2370 904 2410 Heins.
925 2374 967 2410 2.
989 2381 1013 2409 a
1034 2383 1090 2409 m.
1112 2381 1199 2409 see.
1218 2369 1351 2421 praelii
1373 2381 1448 2420 pro
1467 2369 1624 2420 proelio,
1650 2369 1763 2420 quod
1784 2369 1913 2408 habet
1934 2380 2041 2407 unus

207 2429 337 2476 atque
358 2426 461 2464 item
482 2425 591 2465 alter
607 2425 897 2464 'sonem—26
932 2423 1055 2473 Cujus
1084 2423 1144 2462 rei
1182 2424 1334 2462 Rhem.
1356 2426 1396 2462 1.
1418 2426 1458 2462 2.
1480 2426 1517 2462 3.
1540 2422 1683 2462 Bitur.
1703 2427 1740 2462 1.
1771 2422 1923 2473 Ultraj.
1944 2426 1981 2462 1.
2005 2425 2044 2461 2.

208 2477 360 2519 Leidd.
381 2482 421 2518 2.
443 2483 484 2520 5.
505 2481 546 2518 7.
564 2483 609 2518 et
630 2477 828 2518 Perizon.
850 2483 895 2517 et
913 2477 974 2517 sic
998 2478 1100 2517 vet.
1131 2477 1253 2529 Mog.
1285 2479 1368 2517 &c.
1397 2477 1597 2516 addicitur
1627 2475 1669 2515 in
1705 2476 2041 2517 nonnullis-27

1038 2586 1217 2627 NOTAE

208 2679 447 2732 Equestris,
473 2679 555 2719 alia
574 2679 741 2730 Virilis,
771 2679 855 2719 alia
887 2679 980 2718 aliis
1013 2691 1088 2719 no·
1158 2691 1254 2719 cum
1276 2679 1435 2719 honore
1457 2680 1604 2730 gessit.

206 2742 391 2783 minibus
412 2742 614 2793 insignita
633 2755 643 2782 :
672 2743 766 2782 haec
787 2742 1009 2782 Muliebris
1029 2742 1088 2782 di·
1210 2749 1227 2777 5
1250 2743 1474 2782 Pristinum
1495 2743 1699 2794 imperium
1715 2741 1941 2793 restituere]
1964 2741 2042 2781 Le-

207 2804 336 2855 citur,
368 2804 481 2856 quod
513 2805 568 2844 ad
607 2805 870 2845 liberandam
906 2805 1088 2857 patriam
1159 2805 1400 2857 gationibus
1431 2818 1528 2845 cum
1559 2806 1662 2845 nihil
1684 2803 1916 2858 proficeret
1934 2806 2043 2845 Tar-

205 2868 304 2920 plns
324 2861 540 2919 muli'eres,
567 2881 694 2922 qnam
715 2869 810 2920 viri,
830 2874 918 2908 tum
942 2874 1089 2920 potue-
1159 2868 1345 2922 quinius,
1372 2869 1570 2909 collectis
1603 2882 1658 2909 ex
1689 2871 1802 2910 omni
1836 2868 2046 2909 Hetruria

206 2930 316 2970 rint:
346 2942 481 2982 quare
515 2932 718 2972 Fortunae
757 2932 801 2971 in
835 2932 900 2972 via
938 2932 1091 2971 Latina
1159 2932 1367 2971 militibus
1389 2932 1432 2971 in
1453 2932 1670 2972 Romanos
1690 2932 1838 2972 movit.

209 2992 263 3032 ad
285 2992 347 3032 rei
366 2993 630 3044 memoriam,
657 3000 702 3033 et
722 2996 944 3046 templum,
971 3001 1016 3034 et
1037 2994 1093 3033 si·
1212 3001 1228 3020 Ζ
1257 2996 1306 3034 In
1326 3007 1445 3035 cornu
1461 2995 1622 3046 dextro]
1647 2996 1782 3035 Varia
1801 2994 1980 3034 victoria
1999 2997 2045 3031 et

206 3054 440 3094 mulacrum
461 3066 484 3094 a
504 3055 756 3095 mulieribus
776 3056 1039 3096 dedicatum.
1161 3070 1284 3109 aequo
1315 3060 1460 3098 Marte
1494 3063 1729 3110 pugnatum
1766 3064 1858 3106 est;
1890 3057 2045 3095 dextra

260 3121 288 3142 w
312 3117 417 3162 ,Quo
457 3117 724 3170 Coriolanum,
759 3119 846 3170 mu]
894 3119 959 3158 De
1008 3131 1092 3171 quo
1159 3121 1375 3174 utrimque
1407 3133 1573 3161 cornua
1600 3122 1758 3170 vicere,
1786 3121 1895 3159 laeva
1922 3128 2047 3168 supe·

208 3186 362 3232 postea
381 3180 593 3232 pluribus.
1162 3189 1281 3223 rata:
1314 3183 1518 3223 Veientes
1545 3184 1656 3222 enim
1678 3181 1834 3227 vinci-a
1855 3181 2045 3219 Romano

261 3249 279 3287 ἡ
314 3242 398 3284 An.
426 3243 490 3282 M.
524 3245 645 3284 3567.
703 3244 775 3284 Ol.
796 3247 863 3286 73.
883 3248 922 3284 2.
987 3244 1092 3286 Urb.
1161 3248 1298 3287 milite
1336 3247 1498 3294 assueti
1545 3245 1630 3285 fusi
1675 3244 1898 3296 fugatique
1935 3248 2049 3294 sunt,

210 3305 258 3346 C.
278 3308 370 3346 266.
391 3305 496 3346 Ant.
515 3307 594 3347 Ch.
611 3308 707 3347 486.
1160 3311 1484 3363 Tarquiniensis
1523 3322 1659 3348 novus
1710 3307 1842 3347 hostis
1882 3306 1936 3346 ab
1970 3319 2046 3347 sua

262 3374 284 3395 ¹
329 3369 486 3410 Valerio
519 3370 741 3422 Poplicola]
790 3371 877 3413 Qui
915 3372 1094 3424 expulso
1162 3379 1287 3424 parte
1310 3374 1545 3412 Romanum
1567 3372 1746 3423 pepulit.

210 3431 422 3472 Collatino
459 3432 502 3471 in
542 3433 763 3485 Collegam
815 3442 1027 3476 assumtus
1071 3449 1095 3475 a
1217 3441 1236 3461 ²
1263 3435 1405 3485 Arsia]
1434 3435 1504 3473 An
1534 3433 1660 3474 Arsia
1694 3434 1832 3486 sylva,
1852 3446 1903 3472 an
1924 3434 2045 3473 AEsu-

210 3494 366 3543 Bruto,
406 3499 590 3546 quatuor
629 3496 889 3538 Consulatus
928 3511 1094 3538 summo
1163 3499 1276 3539 vium
1303 3499 1560 3555 Ursinumve
1600 3504 1770 3549 pratum
1816 3498 2044 3550 legendum

317 3560 461 3612 Delph.
478 3565 517 3601 et
542 3561 636 3604 Var.
655 3562 766 3604 Clas.
1003 3566 1092 3605 Val.
1114 3565 1234 3606 Max.
1895 3565 1934 3604 Ο
