2242 3958
296 283 367 336 56

299 423 398 469 post
417 430 552 460 caesus
569 426 647 460 est.
706 423 770 462 Ex
789 424 984 475 Servilia,
1004 427 1068 465 M.
1090 426 1171 466 Ca·-

296 483 409 522 tonis
429 496 589 536 sorore,
607 486 670 525 M.
699 487 877 527 Brutum
906 495 1171 542 susceperat,

297 545 486 598 duasque
522 549 693 599 Junias,
725 563 901 602 quarum
934 554 1071 592 altera
1106 554 1170 594 M.

299 609 464 660 Lepido
497 611 750 663 Triumvir0‚
783 614 913 653 altera
944 616 992 655 C.
1026 617 1171 657 Cassio

295 672 459 723 nupsit.
515 685 584 714 111.
613 675 675 714 M.
710 676 871 716 Brutus
906 690 1067 717 morum
1110 679 1171 718 in·

296 736 520 787 tegritate‚
539 737 755 788 elegantia
774 739 948 791 ingenii,
965 746 1008 780 et
1026 742 1170 782 litera-

295 810 390 838 rum
408 800 565 849 studio,
583 812 678 839 cum
700 801 913 854 Ciceroni,
943 809 1031 844 tum
1060 806 1171 856 opti-

298 873 369 902 mo
417 863 569 914 cuique
617 864 876 916 carissimus,
916 869 957 907 in
1007 869 1172 909 dissen-

296 922 413 964 sione
446 925 559 964 civili
587 926 783 979 Pompeii
822 937 966 981 partes
997 937 1170 973 secutus

294 993 390 1037 est;
429 988 546 1027 illum
576 994 720 1029 tamen
754 992 900 1032 Caesar
932 1006 1018 1034 non
1046 996 1172 1035 modo

296 1053 499 1104 servavit,
530 1055 604 1094 sed
635 1057 781 1096 evexit
801 1058 854 1098 ad
875 1059 1072 1111 honores,
1093 1060 1172 1100 illi·

295 1127 378 1166 que
398 1115 510 1156 inter
523 1118 679 1158 amicos
692 1119 848 1170 primas
864 1121 1045 1163 detulit:
1068 1137 1170 1176 quo-

296 1190 388 1223 rum
422 1179 724 1221 beneficiorum
754 1184 913 1224 Brutus
953 1185 1173 1226 immemor

296 1253 438 1280 amore
459 1243 611 1294 patriae
642 1244 683 1283 in
705 1257 797 1284 eum
824 1248 1083 1298 conjuravit,
1101 1261 1172 1288 eo-

295 1316 376 1355 que
397 1317 524 1356 caeso,
543 1314 757 1359 occupata
777 1310 1051 1363 Macedonia,
1071 1313 1173 1352 vicit

296 1367 465 1418 quidem
487 1368 540 1407 ad
561 1369 788 1422 Philippos
809 1371 1055 1424 Octavium,
1095 1375 1172 1414 sed

294 1430 454 1470 iterato
489 1439 587 1483 post
623 1446 750 1472 unurn
780 1435 955 1476 circiter
987 1450 1174 1478 mensem

297 1494 465 1545 praeho,
501 1495 639 1536 victus
675 1502 858 1537 mortem
899 1500 979 1539 sibi
1016 1503 1175 1541 consci-

298 1558 389 1598 vit:
421 1570 529 1598 uxor
557 1559 621 1599 illi
643 1559 724 1601 fuit
742 1562 898 1603 Porcia
917 1564 978 1605 M.
999 1565 1174 1604 Catonis

296 1620 397 1663 filia.

351 1686 414 1726 M.
436 1687 559 1727 Bruti
586 1692 631 1729 et
668 1688 821 1741 Cassii,
851 1690 924 1743 qui
957 1695 1000 1730 et
1028 1691 1175 1743 conju-

296 1750 472 1789 rationis
490 1751 531 1790 in
550 1752 764 1792 Caesarem
785 1760 934 1794 auctor
953 1753 1113 1805 fuerat,
1131 1760 1176 1795 et

294 1813 428 1853 cladis
449 1815 501 1853 ad
518 1815 742 1868 Philippos
763 1824 970 1869 acceptae,
987 1819 1176 1859 indolem

298 1878 620 1931 descripserunt
653 1886 698 1920 et
730 1882 922 1922 Velleius
953 1883 1026 1924 lib.
1058 1895 1110 1924 11.
1131 1889 1177 1924 et

297 1941 559 1982 Plutarchus
575 1943 617 1982 in
636 1944 791 1985 Bruto.
813 1946 1031 1985 Velleius:
1052 1946 1063 1967 ‘
1077 1947 1176 1986 Fuit

296 2008 441 2044 autem
481 2006 654 2046 Cassius
689 2007 777 2046 dux
813 2008 981 2058 melior,
1015 2015 1176 2060 quanto

298 2065 363 2105 vir
378 2067 538 2107 Brutus
557 2081 568 2108 :
588 2081 610 2107 e
627 2069 781 2121 quibus
798 2071 980 2110 Brutum
994 2071 1177 2110 amicum

298 2129 455 2170 habere
492 2132 655 2183 malles,
698 2132 917 2172 inimicum
954 2134 1089 2184 magis
1127 2135 1176 2173 ti-

299 2204 437 2233 meres
459 2193 667 2236 Cassium.
724 2195 774 2236 In
791 2196 927 2236 altero
943 2196 1081 2248 major
1103 2197 1179 2250 vis,

946 307 1024 343 DE
1066 304 1465 345 ROMANORUM

1237 425 1280 465 in
1328 427 1465 466 altero
1502 427 1663 467 virtus:
1706 427 1777 480 qui
1815 430 1850 469 si
1888 429 2114 484 vicissent,

1238 495 1440 541 quantum
1473 490 1742 542 Reipublicae
1774 492 1988 543 interfuit,
2019 494 2113 535 enea

1237 564 1374 592 sarem
1397 555 1540 604 potius
1559 565 1686 606 quam
1705 553 1938 595 Antonium
1953 555 2113 596 habere

1240 615 1500 668 Principem,
1533 622 1696 656 tantum
1718 618 1933 658 retulisset
1952 619 2111 660 habere

1243 680 1441 731 Brutum,
1485 692 1611 733 quam
1658 681 1882 721 Cassium!
1945 682 2118 734 Plutar-

1243 743 1373 782 chus:
1402 745 1413 764 ‘
1434 743 1690 783 Habebatur
1727 745 1898 785 Cassius
1934 746 1996 785 rei
2026 746 2116 786 bel-

1243 805 1338 845 licae
1375 807 1553 858 peritus,
1584 807 1659 846 sed
1690 807 1753 846 ira
1784 819 1927 859 asper,
1962 814 2009 851 et
2037 821 2115 861 per

1243 876 1400 909 metum
1430 871 1562 921 magis
1594 871 1705 910 velle
1733 871 1970 922 imperare:
2001 871 2113 923 apud

1241 930 1471 971 familiares
1491 933 1543 971 ad
1565 932 1692 972 risum
1712 933 1886 985 pronior
1907 939 1953 974 et
1971 933 2113 975 dicax.

1239 995 1422 1035 Brutum
1466 1008 1565 1036 vero
1608 996 1778 1036 virtutis
1814 1007 1940 1036 causa
1988 998 2115 1049 vulgo

1241 1069 1403 1109 carum,
1435 1059 1580 1099 amicis
1612 1059 1815 1099 dilectum
1845 1058 2007 1100 fuisse:
2038 1061 2111 1100 ad-

1238 1122 1455 1161 mirationi
1474 1123 1636 1173 optimo
1656 1123 1933 1174 cuique‚odio
1950 1123 2116 1164 venisse

1240 1195 1292 1222 ne
1310 1184 1502 1224 hostibus
1522 1186 1710 1236 quidem,
1729 1185 1844 1238 quod
1862 1187 1968 1225 mire
1993 1187 2114 1238 lenis,

1239 1248 1547 1298 magnanimus,
1577 1248 1782 1288 adversus
1812 1249 1933 1300 iram,
1967 1251 2113 1302 volup·

1240 1314 1389 1360 tatem,
1427 1311 1647 1350 avaritiam
1686 1310 1910 1362 infractus,
1951 1317 2114 1352 rectam

1240 1374 1495 1412 sententiam
1534 1379 1665 1426 atque
1697 1373 1974 1414 inflexibilem
2014 1374 2115 1415 reti-

1240 1443 1364 1477 neret
1385 1450 1461 1489 pro
1479 1439 1659 1478 honesto
1680 1437 1932 1490 etjustitia!

1294 1502 1530 1542 Silanorum
1558 1515 1655 1542 cum
1685 1507 1731 1542 et
1751 1514 1954 1554 nusquam
1974 1501 2122 1541 memi-

1240 1565 1354 1604 nerit
1372 1565 1582 1616 Valerius,
1602 1570 1645 1605 et
1675 1566 1811 1617 major
1829 1565 1908 1604 sub
1929 1564 2118 1617 Impera-

1243 1627 1423 1678 toribus,
1474 1641 1598 1680 quam
1653 1627 1834 1668 florente
1879 1627 2117 1680 Republica

1243 1691 1378 1741 gloria
1394 1689 1541 1743 fuerit,
1573 1697 1662 1731 tres
1681 1697 1864 1742 tantum,
1881 1696 2119 1743 quatuorve

1243 1753 1497 1804 appellabo:
1529 1766 1706 1806 quorum
1725 1754 1884 1805 primus
1900 1753 1987 1804 erit·
2004 1753 2120 1793 Mar-

1243 1827 1318 1854 cus
1346 1815 1418 1854 ille
1452 1815 1623 1855 Silanus
1644 1814 1849 1855 Africano
1879 1815 2026 1867 majori
2047 1815 2119 1854 da'-

1244 1882 1310 1916 tus
1335 1890 1360 1917 a
1390 1878 1552 1918 Senatu
1585 1890 1724 1918 rerum
1756 1879 1797 1917 in
1819 1878 2028 1929 Hispania
2047 1890 2119 1930 ge-

1243 1941 1471 1981 rendarum
1491 1942 1735 1982 moderator
1760 1946 1805 1981 et
1824 1948 1968 1981 rector
1986 1953 1997 1980 :
2031 1947 2119 1981 tres

1244 2006 1315 2045 alii
1357 2006 1578 2056 Consules,
1614 2006 1789 2045 Marcus
1823 2016 1933 2044 anno
1969 2006 2064 2044 644.
2094 2015 2120 2042 a

1245 2068 1430 2108 Cimbris
1463 2069 1616 2119 victus,
1650 2068 1851 2108 Decimus
1883 2078 1992 2107 anno
2023 2069 2120 2107 691.

1244 2132 1422 2171 Marcus
1456 2143 1566 2171 anno
1594 2135 1689 2172 728.
1718 2131 1873 2183 aliique
1902 2130 1995 2169 aliis
2014 2134 2121 2168 tem-

1247 2195 1419 2247 poribus
1437 2195 1516 2235 sub
1535 2194 1880 2247 Imperatoribus
1900 2192 2118 2234 Consules.

884 2366 1119 2429 GENS
1185 2366 1550 2428 LICINIA.

356 2495 529 2536 Gumis
551 2495 742 2547 Liciniae,
762 2509 856 2549 quae
888 2497 1060 2549 plebeia
1085 2496 1183 2549 fuit,

303 2563 391 2599 tres
414 2565 577 2600 tantum
594 2559 792 2608 familias,
823 2573 919 2614 quae
941 2560 1034 2601 aliis
1054 2561 1181 2612 longe

1249 2497 1560 2549 praestiterunt,
1577 2508 1880 2549 persequemur
1897 2509 1908 2537 ε
1931 2496 2124 2547 Crassos,

1247 2562 1464 2613 Lucullos,
1480 2567 1527 2601 et
1546 2561 1778 2600 Muraenas.

900 2704 1064 2757 LICI
1076 2704 1193 2757 ΝΠ
1233 2701 1532 2757 CRAssl.

357 2815 507 2857 Hesus
554 2813 727 2855 familiae
767 2815 968 2868 princeps
1005 2815 1089 2857 fuit
1127 2818 1180 2857 P.

304 2881 498 2930 Crassus,
517 2879 588 2931 qui
608 2879 735 2918 etiam
757 2884 845 2918 tum
869 2880 1044 2931 juvenis
1063 2893 1182 2921 crea-

302 2947 372 2983 tus
401 2948 468 2982 est
485 2939 694 2982 Pontifex
714 2941 946 2993 Maximus,
962 2942 1182 2995 aliquanto

303 3011 402 3058 post
421 3005 580 3046 Consul
608 3017 718 3044 anuo
744 3007 836 3044 548.
856 3017 950 3044 cum
970 3004 1183 3046 Annibale

306 3068 463 3109 bellum
492 3068 654 3120 gessit3
683 3066 866 3119 denique
899 3067 1086 3108 Censor:
1119 3069 1184 3108 vir

306 3131 502 3171 omnibus
538 3135 705 3169 naturae
753 3127 1023 3182 fortunaeque
1062 3130 1183 3170 donis

304 3195 556 3244 instructus,
577 3192 746 3242 nobilis,
766 3193 902 3240 dives,
921 3191 1060 3233 forma
1089 3206 1181 3234 eor-

307 3261 422 3312 poris
441 3260 675 3310 excellens,
692 3257 919 3310 facundus,
932 3258 1182 3310 duobusque

307 3330 459 3364 auctus
477 3323 575 3364 filiis
596 3323 701 3364 Caio
719 3329 765 3364 et
797 3324 965 3374 Marco,
985 3337 1009 3364 a
1029 3324 1182 3377 quibus

307 3387 404 3427 duae
442 3388 691 3428 Crassorum
727 3385 900 3427 familiae
937 3392 1183 3440 propagatae

309 3455 421 3490 sunt.
475 3449 667 3489 Primum
689 3449 800 3502 Caii,
829 3454 919 3491 tum
945 3450 1085 3491 Marci
1112 3461 1186 3490 ne·

310 3518 434 3568 potes
453 3512 781 3566 explicabimus.

1302 2827 1354 2856 11.
1382 2814 1510 2856 Caius
1529 2813 1676 2853 itidem
1696 2817 1744 2853 ut
1761 2819 1882 2865 pater
1897 2812 2003 2852 duos
2017 2811 2126 2853 filios

1250 2881 1410 2932 genuit,
1449 2891 1519 2920 ιιι.
1574 2878 1777 2918 Publium
1808 2883 1852 2918 et
1883 2878 2047 2928 Caium,
2077 2891 2124 2918 u-

1251 2948 1451 2995 trumque
1486 2942 1726 2991 Consulem,
1745 2941 1864 2980 illum
1893 2953 2004 2981 anno
2030 2945 2127 2982 582.

1249 3006 1363 3045 hunc
1396 3009 1490 3045 585.
1534 3016 1605 3044 111.
1647 3004 1773 3045 Caius
1809 3016 1863 3044 ex
1895 3005 2128 3045 Consulatu

1251 3069 1429 3109 sortitus
1444 3066 1740 3108 Macedoniam
1759 3065 1876 3108 vario
1889 3071 2026 3107 marte
2039 3067 2127 3109 bel-

1251 3134 1337 3172 lum
1367 3145 1462 3173 cum
1503 3134 1638 3172 Perse
1674 3132 1833 3183 gessit;
1860 3143 1958 3171 nam
1991 3132 2127 3184 primo

1251 3196 1404 3248 praelio
1422 3195 1575 3246 victus,
1595 3194 1780 3235 secundo
1804 3194 1946 3234 victor
1973 3194 2127 3234 multas

1252 3259 1295 3298 in
1315 3258 1490 3300 Graecia
1508 3258 1636 3298 urbes
1655 3257 1936 3309 expugnavit.
1966 3267 2030 3296 w.
2058 3255 2128 3297 Ab

1255 3321 1345 3373 ejus
1373 3320 1460 3360 filio
1494 3320 1650 3360 Publio
1677 3330 1731 3360 ex
1759 3323 1887 3369 gente
1915 3319 2058 3359 Mutia
2083 3320 2129 3359 in

1254 3383 1461 3424 Liciniam
1499 3382 1729 3434 adoptatus
1767 3387 1834 3422 est
1869 3382 1920 3422 P.
1949 3383 2130 3422 Crassus

1254 3448 1491 3499 Marianus,
1509 3448 1579 3499 qui
1610 3453 1654 3486 et
1682 3446 1887 3487 Pontifex
1914 3447 2129 3487 Maximus

1258 3516 1302 3552 et
1325 3512 1483 3554 Consul
1511 3523 1620 3552 anno
1639 3515 1733 3553 622.
1751 3518 1900 3552 contra
1917 3510 2129 3553 Aristoni-
