2352 4022
401 314 505 365 160
917 328 1178 364 vAcssRu
1222 325 1464 363 MAXJMI
1512 326 1628 366 cm.
1668 328 1709 365 1.

400 454 607 499 tumore
625 447 665 478 2⁸
726 446 1083 514 protraheret,
1134 446 1524 514 abjectumque
1595 446 1969 500 Macedonica
2019 466 2220 517 pugna,

398 547 506 583 non
524 531 750 597 effigiem
768 531 935 591 Solis,
953 545 1121 596 quam
1139 530 1522 582 tantummodo
1541 529 1890 598 supplicibus
1903 533 2220 598 cesserat-,²⁹

399 616 495 667 sed
515 617 701 684 ipsum
728 616 911 666 Solem
935 630 993 664 re
1026 631 1155 666 vera
1178 615 1486 682 relinquere
1514 609 1778 683 cogeret.³'
1798 624 1820 644 ¹¹
1842 619 1860 663 ss

468 699 520 751 9.
558 698 837 750 Annotatu
865 698 1089 763 dignum
1118 699 1255 750 illud
1282 716 1510 767 quoque
1555 717 1730 764 omen,
1770 703 1876 754 sub
1917 718 2029 770 quo
2065 702 2217 757 Petis-

398 784 502 835 lius
522 790 542 811 ⁰
580 784 775 835 consul
823 783 878 833 in
929 783 1193 849 Liguriap
1230 785 1432 836 bellum
1479 802 1670 853 gerens
1723 787 1995 839 occidit.³0
2068 787 2216 840 Nam

440 947 459 981 j
490 946 536 984 Ο.
561 946 738 985 Cassium
757 946 839 986 suis
853 947 1006 997 pariter
1023 947 1145 999 ipsius
1163 948 1303 999 verbis,
1329 950 1377 988 de
1387 948 1535 997 futura
1555 951 1663 991 clade
1684 952 1864 991 Fortuna
1881 952 2099 1003 admonuit,
2125 954 2217 993 dum

392 1001 514 1040 voluit
532 999 638 1039 illum
656 1002 883 1050 respondere
902 1000 1030 1040 Solem
1047 1014 1070 1039 a
1089 1014 1129 1040 se
1156 1003 1322 1053 relinqui
1343 1003 1525 1055 Rhodiis,
1556 1005 1622 1055 qui
1655 1006 1702 1044 ab
1733 1019 1775 1045 eo
1806 1006 2004 1056 petebant,
2031 1018 2080 1046 ne
2112 1005 2217 1055 ipsos

389 1054 573 1105 spoliaret
590 1054 765 1092 omnibus
782 1054 1001 1094 simulacris
1021 1056 1193 1094 Deorum
1210 1070 1224 1096 .-
1250 1061 1294 1095 ut
1312 1062 1476 1106 augeret
1492 1059 1751 1109 petulantiam
1776 1060 1940 1098 victoris
1957 1060 2216 1112 rapacissimi,

387 1107 545 1159 superbo
565 1120 758 1158 responso,
778 1113 815 1146 et
835 1108 944 1147 illum
962 1113 1115 1157 cogeret
1133 1108 1283 1156 abjecta
1302 1113 1443 1150 temere
1460 1123 1527 1162 spe
1541 1112 1717 1151 victorioe
1731 1117 1821 1162 post
1836 1126 2009 1164 pugnam
2026 1113 2068 1152 in
2084 1114 2218 1154 Mace-

389 1161 507 1201 donia
536 1162 683 1212 datam,
714 1162 930 1212 relinquere
957 1175 1032 1201 non
1063 1166 1217 1202 tantum
1248 1162 1351 1202 Solis
1378 1164 1604 1214 imaginem,
1633 1179 1748 1216 quam
1775 1171 2011 1207 concesserat
2045 1171 2218 1208 tantum-

389 1216 499 1255 modo
517 1215 686 1255 Rhodiis
702 1215 949 1268 supplicibus,
978 1218 1047 1256 sed
1066 1216 1184 1256 etiam
1199 1228 1335 1256 revera
1352 1218 1473 1258 lucem
1492 1218 1597 1258 Solis
1614 1231 1655 1259 se
1673 1220 1890 1260 occidendo.

1155 1337 1256 1351 ‘OM

388 1417 514 1458 codd.
535 1430 629 1458 cum
649 1419 751 1458 Vet.
771 1419 868 1459 victi
885 1419 1047 1459 timore.-
1077 1420 1119 1458 in
1135 1421 1312 1461 Venett.
1331 1421 1432 1461 dicti
1448 1421 1603 1461 timore.
1650 1422 1756 1462 Mox
1775 1421 1819 1461 in
1842 1420 2096 1474 quibusdam
2115 1422 2213 1465 edd.

386 1485 447 1512 sc.
471 1472 595 1522 Pigh.
617 1473 754 1512 Coler.
773 1474 899 1525 Thys.
926 1474 1080 1524 Delph.
1101 1474 1266 1513 Minell.
1282 1477 1362 1515 ὅτε.
1378 1475 1651 1527 pertraheret.-
1681 1481 1726 1515 at
1746 1476 1788 1515 in
1811 1477 1973 1516 Brand.
1995 1489 2089 1517 cum
2110 1477 2214 1517 Vet.

388 1526 507 1577 Mog.
522 1526 702 1567 Venett.
726 1530 765 1565 1.
798 1531 836 1566 2.
867 1526 1045 1566 Mediol.
1078 1531 1114 1567 1.
1146 1531 1186 1568 2.
1224 1526 1356 1567 Aldd.
1389 1529 1527 1568 Colin.
1560 1529 1729 1580 Gryph.
1767 1530 1916 1569 Chalc.
1949 1535 1994 1570 et
2029 1531 2214 1583 Herbip.

382 1579 751 1631 protraheret.——29
781 1581 1002 1629 Nonnulli,
1028 1593 1139 1632 quem
1159 1609 1169 1620 .
1187 1611 1197 1622 .
1214 1611 1224 1622 .
1243 1587 1434 1622 cesserat.-
1462 1582 1558 1621 cod.
1579 1583 1780 1622 Perizon.
1798 1588 2052 1624 concesserat.
2107 1585 2215 1624 Mox

385 1633 516 1682 coligit
537 1646 613 1684 pro
631 1639 784 1683 cogeret
803 1635 846 1672 in
861 1635 963 1674 Vet.
982 1635 1100 1685 Mog.
1122 1636 1300 1676 Veneti.
1318 1640 1356 1676 1.
1374 1641 1413 1677 2.
1434 1636 1612 1676 Mediol.
1632 1641 1667 1676 1.
1681 1641 1720 1676 2.
1744 1635 1872 1676 Aldd.
1889 1638 2027 1676 Colin.
2047 1638 2215 1690 Gryph.

386 1687 535 1738 Steplt.
559 1688 706 1727 Chalc.
725 1688 911 1737 Herbip.
932 1689 1052 1728 aliis:
1083 1689 1209 1728 codd.
1239 1701 1383 1729 omnes
1405 1690 1635 1729 lectionem
1656 1696 1844 1730 nostram
1874 1695 2216 1732 testantium—30

387 1740 504 1780 Edit.
537 1741 740 1794 antiquae,
761 1743 803 1782 in
825 1742 977 1795 quibus
1003 1750 1049 1783 et
1067 1743 1170 1784 Vet.
1202 1755 1298 1783 cum
1332 1743 1550 1797 plerisque
1582 1745 1689 1783 Mss.
1717 1744 2026 1785 occiderit.—31
2059 1746 2215 1797 Copes.

1214 1851 1396 1892 NOTAE

387 1943 461 1984 dio
483 1944 663 1996 Lysippi
684 1945 894 1998 discipulo
925 1958 1012 1986 aere.
1033 1945 1147 1986 fusili
1168 1958 1266 1986 con-

384 2006 663 2059 flarijubent‚
684 2021 793 2048 anno
812 2009 962 2049 Mundi
980 2013 1100 2050 3750.
1139 2009 1267 2049 Urbis

386 2072 572 2112 conditae
590 2076 684 2113 449.
742 2074 876 2113 Stetit
910 2075 1042 2113 moles
1075 2074 1165 2114 haee
1192 2075 1267 2113 im-

386 2146 548 2182 mensa,
563 2146 614 2173 ex
632 2135 736 2186 aliis,
756 2148 830 2186 per
847 2148 978 2175 annos
999 2140 1064 2175 56.
1086 2149 1136 2174 ex
1158 2137 1267 2187 aliis,

384 2197 540 2249 quibus
559 2211 640 2250 ego
663 2199 891 2249 assentior,
918 2204 984 2240 81.
1018 2201 1267 2252 corruitque

386 2267 509 2300 terrae
523 2268 636 2301 motu
651 2274 758 2301 anno
770 2263 922 2301 Mundi
933 2266 1053 2302 3831.
1065 2264 1267 2304 U.c.530.

384 2325 532 2365 Jacuit
552 2326 593 2364 in
614 2327 703 2365 solo
725 2327 844 2365 annis
865 2330 957 2367 874.
986 2328 1124 2367 donec
1156 2340 1267 2367 anno

387 2388 550 2428 Christi
569 2393 663 2428 652.
685 2389 739 2427 ab
760 2388 905 2428 Arabe
937 2391 1138 2429 Mahuvia
1156 2402 1266 2429 mer-

384 2451 522 2490 catori
542 2450 707 2490 cuidam
733 2452 923 2491 vendita.
980 2454 1267 2503 Asportandis

385 2513 498 2553 illius
520 2513 765 2564 fragmentis
784 2519 878 2554 900.
910 2517 1061 2555 cameli
1085 2517 1154 2555 vix
1183 2515 1266 2555 suf-

384 2575 538 2617 fecisse
571 2578 788 2626 dicuntur,
819 2583 866 2618 ut
897 2584 1081 2619 testatur
1109 2580 1267 2620 Cedre-

388 2651 487 2681 nus·

440 2709 460 2730 ¹¹
490 2704 614 2744 Solem
650 2719 694 2746 re
731 2706 818 2758 ipsa
849 2708 1064 2759 relinquere
1095 2708 1268 2759 cogeret]

386 2766 455 2807 De
500 2774 639 2807 morte
690 2770 825 2809 Cassii
873 2771 999 2810 aliter
1049 2770 1269 2822 Appiano,

387 2830 515 2870 aliter
540 2831 722 2880 Velleio,
752 2833 870 2872 Plut.
904 2839 949 2872 et
993 2834 1143 2883 Dioni,
1179 2835 1270 2885 pla·

387 2899 472 2934 cet.
532 2895 604 2934 Ita
639 2893 731 2934 fere
770 2894 1017 2948 Appianas:
1074 2896 1143 2936 Ab
1182 2897 1268 2936 An-

389 2959 506 2999 tonio
537 2960 677 2999 victus
703 2960 885 3010 Cassius,
916 2967 1153 3013 exutusque
1174 2974 1267 3001 cas-

388 3023 481 3073 tris,
516 3023 558 3062 iu
609 3025 812 3063 tumulum
863 3037 908 3064 se
960 3026 1145 3076 recipit:
1194 3026 1265 3065 ubi

388 3088 612 3128 dedecoris
659 3088 889 3140 impatiens
927 3089 1162 3127 Pindarum
1202 3101 1268 3128 ar·

388 3151 597 3202 migerum
629 3157 806 3200 evocat;
855 3163 1036 3203 cumque
1070 3152 1121 3190 ‹le
1142 3152 1268 3190 Bruti

387 3215 569 3255 victoria
596 3215 655 3254 illi
679 3216 854 3254 allatuin
877 3221 1008 3264 esset,
1039 3215 1269 3265 nuntianti,

385 3283 398 3303 ‘
422 3279 584 3331 Refer‚’
619 3280 773 3332 inquit,
806 3280 817 3301 ‘
845 3281 995 3328 Bruto,
1029 3286 1181 3330 optare
1201 3292 1268 3319 me

386 3345 627 3384 absolutam
661 3344 743 3395 ipsi
778 3342 1028 3383 victoriam.’
1079 3344 1186 3382 Tum
1216 3343 1268 3382 ad

390 3407 625 3448 Pindarum
643 3419 803 3456 versuS‚
819 3407 832 3428 ‘
853 3406 968 3448 Quid
989 3418 1146 3454 cessas,
1167 3405 1270 3457 quin

388 3482 458 3510 me
478 3470 531 3510 ab
551 3470 632 3509 hac
653 3469 884 3522 ignominia
914 3469 1099 3508 liberas?
1129 3468 1271 3507 simul-

386 3534 633 3587 quejugulo
651 3532 813 3574 ferrum
834 3532 1032 3584 excepit!
1077 3532 1148 3573 Sic
1172 3543 1271 3571 vero

1336 1947 1547 2000 Velleius,
1567 1949 1681 1988 Plut.
1705 1952 1749 1987 et
1766 1946 1854 1988 Dio
1875 1959 1885 1986 :
1919 1945 2113 1997 Direptis
2131 1945 2217 1986 Oc·

1336 2013 1438 2051 tavii
1459 2013 1612 2052 castris
1633 2014 1794 2052 Brutus
1813 2011 1984 2062 equites
1999 2009 2131 2060 misit,
2144 2010 2216 2061 qui

1336 2074 1561 2115 victoriam
1599 2075 1852 2114 nuntiarent
1890 2071 2065 2113 Cassio:
2108 2083 2213 2124 quos

1337 2139 1461 2177 simul
1479 2144 1527 2178 ut
1543 2138 1615 2178 ille
1634 2138 1782 2190 procul
1798 2136 1853 2176 ad
1869 2148 1916 2176 se
1933 2142 2216 2188 properantes

1337 2201 1461 2251 vidit,
1483 2202 1612 2252 jussit
1631 2200 1841 2250 Titinnio,
1869 2205 1934 2250 ut,
1957 2198 2030 2250 qui
2061 2203 2216 2245 essent,

1336 2266 1605 2316 exploraret:
1637 2265 1708 2304 ille
1725 2263 1778 2303 ab
1797 2261 2030 2315 equitibus,
2047 2266 2096 2300 ut
2115 2260 2216 2300 ami-

1336 2340 1428 2378 cus,
1456 2327 1498 2366 in
1519 2326 1706 2366 medium
1726 2330 1928 2376 receptus
1948 2335 2028 2363 una
2050 2335 2146 2364 cum
2168 2322 2217 2362 iis

1338 2390 1392 2430 ad
1413 2390 1606 2430 Cassium
1627 2389 1821 2428 redibat:
1843 2387 1919 2427 sed
1937 2386 2106 2426 Cassius
2125 2386 2219 2425 hos-

1336 2459 1403 2493 tes
1437 2465 1532 2492 esse
1562 2458 1697 2502 ratus,
1731 2453 1743 2474 ‘
1762 2447 2126 2501 Expectavimus,'
2157 2450 2219 2488 in-

1337 2516 1444 2567 quit,
1465 2515 1588 2554 ‘dum
1605 2514 1835 2554 viderimus
1852 2513 2036 2552 amicum
2055 2509 2221 2564 abripi!

1337 2578 1508 2617 Deinde
1546 2578 1588 2616 in
1629 2578 1855 2616 tentorium
1894 2588 1992 2616 cum
2025 2575 2216 2616 Pindaro

1336 2642 1533 2690 secessit,
1563 2640 1634 2679 ubi
1653 2641 1767 2679 illius
1798 2651 1953 2691 corpus
1972 2637 2217 2679 confossum

1337 2705 1518 2744 vulnere
1537 2708 1756 2755 repertum
1776 2707 1856 2754 est,
1886 2703 2096 2743 Pindarus
2117 2715 2219 2743 vero

1337 2779 1542 2820 nusquam
1562 2773 1716 2818 postea
1736 2766 1992 2817 comparuit.

1393 2835 1411 2878 ss
1443 2829 1526 2870 An.
1543 2831 1608 2870 M.
1623 2833 1747 2870 4012.
1775 2829 1847 2870 Ol.
1863 2831 1955 2882 184.
1969 2831 2010 2868 3.
2045 2827 2152 2868 Urb.
2169 2829 2217 2869 C.

1337 2897 1432 2935 ⁵711.
1463 2892 1566 2933 Ant.
1583 2893 1660 2933 Ch.
1677 2896 1744 2932 111.

1389 2963 1408 2983 ⁰
1436 2956 1626 3007 Petilius]
1661 2957 1711 2997 Q.
1735 2955 1918 2996 Petilius
1948 2954 2158 3007 Spurinus
2191 2966 2216 2994 e

1337 3020 1505 3071 plebeia
1525 3018 1700 3059 familia.

1389 3089 1410 3116 Ρ
1439 3084 1487 3122 1η
1505 3082 1699 3134 Liguria]
1730 3081 1853 3122 Inter
1871 3082 2032 3121 Varum
2059 3085 2106 3120 et
2124 3081 2215 3120 Ma-

1337 3158 1451 3186 cram
1472 3144 1624 3185 fluvios
1643 3146 1742 3194 sita,
1773 3157 1865 3198 qnae
1893 3145 2012 3196 regio
2043 3144 2148 3183 duas
2175 3145 2217 3182 in

1337 3215 1483 3260 partes
1503 3213 1656 3260 postea
1676 3208 1815 3247 divisa
1833 3206 1942 3255 fuit;
1973 3207 2219 3258 pri'majux-

1339 3281 1385 3314 ta
1421 3275 1543 3313 littus
1575 3273 1716 3324 maris,
1742 3272 1863 3323 cujus
1893 3276 2025 3323 caput
2049 3271 2216 3322 Genua,

1339 3340 1472 3378 altera
1513 3337 1849 3385 mediterranea,
1874 3335 1989 3374 inter
2026 3331 2217 3386 Apenni-

1337 3415 1453 3450 num,
1485 3401 1617 3452 Alpes
1652 3400 1836 3450 cottias,
1864 3405 1909 3438 et
1940 3398 2133 3448 Padum;
2175 3399 2216 3438 in

1338 3475 1421 3516 qua
1433 3461 1749 3503 Monsferratus
1763 3461 1963 3508 ducatus,
1977 3473 2076 3512 pars
2093 3461 2218 3501 Prin-

1340 3530 1506 3581 cipatus
1523 3525 1852 3577 Pedemontani‚
1865 3531 1909 3566 et
1922 3526 2217 3566 Mediolanen-
