2346 3952
607 324 617 327 ”
678 318 990 358 GEN'I'IBUS
1038 317 1108 355 ΕΤ
1152 317 1451 356 FAMILIIS.

162 442 243 481 dic.
290 439 353 479 Ea
371 437 524 492 quibus
545 439 638 491 ejus
660 451 799 479 mores
819 437 1038 490 persequi-

161 508 248 554 tur,
266 502 367 555 quia
386 502 581 554 longiora
600 509 718 554 sunt,
732 502 801 542 hic
820 500 1038 543 ascribere

159 576 247 607 non
265 565 406 606 libuit.

212 629 331 671 Julia
375 629 562 682 Augusti
599 635 646 670 et
678 627 913 669 Scriboniae
949 626 1039 666 filia

157 692 327 745 probris
347 699 393 732 et
423 691 599 746 flagitiis
625 691 818 741 infamis3
847 690 911 731 bis
931 702 1038 742 nup-

158 755 233 806 sit,
250 755 429 808 primum
446 757 510 797 M.
532 754 755 807 Agrippae,
783 766 808 793 a
835 765 918 807 quo
938 753 1037 794 ideo

158 817 335 858 dimissa.
381 819 614 867 Marcella3
662 815 820 857 deinde
865 816 1038 856 Tiberio

158 882 325 923 Neroni
343 883 456 923 haud
488 882 616 934 paulo
648 884 745 932 post
763 879 1036 932 Imperatori.

156 945 332 985 Tiberio
347 945 496 994 nullos,
524 944 731 996 Agrippae
758 943 944 997 quinque
965 955 1038 995 pe-

158 1009 276 1060 perit
306 1007 489 1059 liberos3
517 1006 617 1047 filiae
644 1005 819 1046 fuerunt
842 1006 870 1047 J
877 1006 961 1046 ulia
988 1007 1038 1047 L.

157 1069 315 1110 AEmitii
343 1070 485 1122 Pauli,
511 1075 557 1110 et
583 1069 826 1122 Agrippina
856 1070 1037 1111 Germa·

156 1133 244 1174 uici
270 1145 408 1184 uxor;
440 1146 594 1185 mares,
626 1135 768 1186 Caius,
800 1135 974 1186 Lucius,
992 1139 1038 1174 et

152 1195 375 1250 Agrippa:
421 1198 548 1239 Caius
583 1202 630 1238 et
669 1199 825 1239 Lucius
863 1199 916 1238 ab
950 1197 1038 1239 Au-

159 1266 288 1312 gusto
312 1260 464 1314 scripti
493 1262 688 1302 haeredes
709 1263 750 1302 in
769 1262 913 1302 aetatis
932 1260 1037 1302 flore

154 1323 402 1375 perierunt3
451 1324 523 1365 ille
557 1325 600 1365 in
646 1325 797 1378 Lycia,
840 1326 940 1366 dum
983 1338 1038 1366 ex

156 1385 343 1428 Oriente
376 1387 554 1428 Romam
574 1389 718 1429 redit:
748 1389 961 1430 incertum
984 1402 1039 1430 ex

155 1442 348 1503 vulnere,
363 1463 416 1492 an
438 1452 601 1503 morbo,
621 1465 675 1493 an
693 1466 890 1494 novercae
911 1454 1033 1506 dolo;

154 1511 224 1551 bic
243 1512 469 1564 Massiliae,
498 1514 598 1554 dum
630 1516 883 1569 Hispaniam
913 1517 1037 1569 petit.

155 1574 367 1628 Agrippae
405 1578 618 1629 posthumi
654 1585 700 1619 et
734 1580 864 1622 Juliae
903 1581 1037 1633 ipsius

155 1638 304 1679 matris
329 1651 408 1691 par
435 1652 571 1693 prope
602 1642 743 1683 exitus
772 1643 879 1684 fuit:
911 1645 1036 1685 ambo

157 1701 271 1743 enim
308 1703 362 1743 ab
399 1702 597 1756 Augusto
637 1707 832 1758 relegati,
871 1707 944 1747 ille
979 1708 1036 1748 ob

155 1762 280 1806 ferox
313 1772 358 1806 et
387 1767 603 1808 sordidum
635 1770 869 1823 ingenium,
901 1773 944 1811 in
973 1772 1036 1811 in-

156 1827 291 1867 sulam
311 1829 593 1882 Planaesiam;
622 1832 730 1881 haec,
748 1834 802 1874 ob
823 1835 1037 1886 libidines,

154 1889 199 1929 iu
212 1890 541 1942 Pandatariam:
564 1894 797 1948 ambosque
814 1898 1038 1950 aliquanto

157 1958 260 2005 post
275 1954 489 2012 Tiberius,
515 1957 634 1997 illum
663 1960 824 2011 gladio,
845 1962 955 2002 hanc
975 1963 1038 2002 in-

154 2015 258 2068 opia
276 2023 322 2057 et
340 2018 442 2059 tabe
461 2021 685 2061 sustulisse
706 2022 876 2064 dicitur.

210 2079 404 2122 Tiberius
441 2083 558 2122 Nero
601 2085 732 2125 Liviae
771 2099 824 2126 ex
862 2087 1038 2128 Tiberio

155 2141 335 2182 Claudio
353 2142 483 2195 filius,
502 2146 722 2199 Drusique
741 2147 908 2199 frater3
938 2151 962 2189 d
970 2164 1037 2190 um

155 2204 266 2244 vixit
285 2205 524 2259 Augustus,
544 2211 705 2261 egregii
740 2212 918 2251 nominis
940 2212 1039 2264 fuit,

155 2265 368 2321 famaeque
399 2270 605 2322 integrae:
636 2273 720 2313 tria
751 2275 865 2314 bella
895 2277 1040 2327 gessit,

155 2330 414 2384 minaticum,
423 2334 736 2387 Pannonicum,
753 2343 797 2377 et
813 2338 1038 2379 Germani·

155 2406 270 2448 cum,
289 2397 343 2437 de
362 2398 516 2451 quibus
548 2407 635 2440 tum
665 2403 927 2454 ovationem,
949 2410 1038 2445 tum

153 2460 413 2513 triumphum
432 2465 595 2506 retulit.
651 2466 881 2508 Institutas
902 2470 1037 2510 haeres

153 2521 208 2562 ab
241 2522 456 2576 Angusto,
492 2527 737 2570 Germanici
774 2537 894 2571 metu
932 2532 1039 2573 vitia

143 2596 232 2625 ¹suu
258 2587 363 2626 mira
391 2594 484 2629 arte
515 2591 825 2644 dissimulavit;
855 2607 908 2635 eo
936 2608 1037 2636 vero

154 2647 326 2689 sublato
346 2651 580 2705 veneficiis,
597 2662 719 2696 metu
743 2658 922 2710 solutus,
942 2672 1039 2700 cum

153 2710 198 2750 in
217 2710 382 2764 affines,
407 2720 495 2755 tum
525 2717 568 2756 in
599 2718 787 2760 civitatis
818 2722 1037 2775 principes

153 2776 308 2828 saeviit,
329 2790 509 2830 quorum
525 2781 630 2822 alios
643 2782 773 2836 ferro,
791 2785 895 2826 alios
911 2785 1039 2839 fame,

152 2838 258 2878 alios
278 2840 363 2880 alio
385 2854 539 2894 genere
557 2848 722 2900 mortis,
742 2838 918 2902 occidit,
936 2851 1038 2892 dum

153 2899 246 2952 ipse
274 2902 320 2943 in
350 2905 522 2958 Caprea
551 2909 687 2950 insula
718 2911 878 2954 oblitus*
904 2914 1039 2966 impe-

151 2962 220 3011 rii,
237 2963 383 3005 infami
403 2967 504 3008 luxu
521 2970 759 3024 delitescit,
775 2976 846 3015 ubi
863 2977 1035 3018 tandem

150 3027 317 3068 deliciis
347 3030 567 3074 confectus
594 3037 789 3079 moritur.
845 3041 911 3079 Ex
933 3041 1037 3092 Vip-

152 3091 274 3132 sania
292 3094 356 3134 M.
377 3094 586 3150 Agrippae
606 3107 651 3140 et
667 3102 919 3155 Pomponiae
948 3105 1038 3146 filia

149 3153 212 3194 illi
228 3162 354 3197 natus
373 3166 441 3199 est
461 3162 730 3216 Drusus,qui
750 3166 899 3206 sedato
922 3168 1035 3207 Pan-

149 3220 302 3259 nonico
323 3223 507 3262 tumultu
535 3237 668 3266 ovans
698 3227 846 3268 urbem
874 3229 1036 3281 ingres-

149 3291 220 3319 sus
239 3287 323 3333 est,
340 3284 579 3339 Consulque
599 3301 709 3330 anno
728 3294 823 3332 766.
846 3293 922 3332 sed
942 3299 1034 3334 orto

148 3340 290 3392 ipsum
309 3345 422 3387 inter
441 3355 487 3388 et
506 3350 707 3402 sejanum
740 3353 933 3407 dissidio,
961 3369 1032 3396 ve-

149 3413 259 3444 neno
278 3407 469 3450 sublatus
498 3420 582 3464 est,
609 3417 781 3457 conscia
810 3431 944 3459 uxore.
964 3420 1032 3460 Li·

149 3467 266 3519 villa,
280 3481 337 3511 ex
355 3486 439 3525 qua
468 3475 596 3518 filiam
627 3488 836 3532 genuerat
853 3484 1030 3536 Juliam,

146 3530 331 3583 primum
353 3535 515 3578 Neroni
535 3539 784 3585 Germanici
815 3545 919 3598 filio,
939 3554 1030 3588 tum

1912 303 1983 354 53

1106 437 1154 477 C.
1190 435 1388 476 Rubellio
1419 439 1619 487 nuptam3
1650 433 1841 485 duosque
1861 432 1986 483 filios,

1105 511 1284 551 quorum
1306 499 1418 539 alter
1440 498 1567 551 paulo
1600 502 1698 548 post
1714 496 1840 545 obiit,
1860 496 1987 546 alter,

1102 561 1296 602 Tiberius
1317 562 1503 612 nomine,
1525 561 1654 601 etiam
1669 565 1758 601 tum
1778 571 1885 611 puer
1906 559 1987 600 Ca»

1101 624 1247 675 ligulae
1259 625 1383 676 jussu
1403 637 1538 665 caesus
1557 630 1640 664 est.

1155 687 1321 727 Tiberii
1339 687 1517 727 formam
1544 685 1775 728 Suetonius
1792 684 1986 738 descrip-

1102 749 1174 800 sit,
1213 750 1401 790 indolem
1442 751 1633 790 Tacitus,
1687 749 1797 789 Haec
1835 749 1989 789 Sueto-

1100 813 1224 853 nius:
1255 814 1268 836 ‘
1291 815 1482 866 Corpore
1503 813 1585 854 fuit
1604 814 1747 866 amplo
1770 818 1901 865 atque
1922 825 1989 851 ro-

1103 875 1244 928 busto,
1276 883 1457 929 statura,
1491 891 1586 931 quae
1612 878 1775 930 justam
1805 877 1990 916 excede·

1101 944 1194 989 ret;
1221 940 1333 979 latus
1352 940 1406 979 ab
1426 940 1612 980 humeris
1631 947 1677 981 et
1696 944 1893 992 pectore,
1918 951 1987 980 ce·

1102 1002 1206 1042 teris
1225 1015 1394 1055 quoque
1412 1002 1634 1054 membris,
1654 1003 1863 1055 usquead
1882 1002 1990 1042 imos

1102 1065 1253 1117 pedes,
1272 1066 1449 1118 aequalis
1466 1073 1511 1106 et
1526 1078 1792 1117 congruens;
1812 1065 1992 1105 sinistra

1101 1141 1230 1169 manu
1266 1129 1447 1182 agiliore
1483 1142 1534 1168 ac
1567 1129 1801 1170 validiore:
1844 1129 1991 1169 colore

1103 1197 1199 1232 erat
1240 1193 1444 1242 candido,
1481 1192 1641 1244 capillo
1679 1205 1791 1244 pone
1830 1192 1989 1243 occipi-

1102 1255 1207 1295 tium
1226 1256 1519 1308 submissiore,
1539 1260 1588 1296 ut
1611 1259 1828 1296 cervicem
1858 1256 1991 1296 etiam

1103 1319 1365 1371 obtegeret3
1419 1319 1535 1359 facie
1579 1319 1774 1370 honesta,
1821 1320 1865 1359 in
1907 1316 1992 1373 qua

1103 1384 1231 1423 etiam
1253 1383 1396 1424 crebri
1426 1390 1472 1424 et
1498 1383 1627 1424 subiti
1659 1390 1864 1435 tumores,
1891 1397 1991 1425 cum

1102 1446 1427 1498 praegrandibus
1460 1447 1617 1487 oculis:
1664 1453 1711 1486 et
1748 1449 1837 1500 qui,
1874 1449 1990 1501 quod

1101 1510 1255 1549 mirum
1277 1517 1407 1561 esset,
1427 1517 1561 1551 noctu
1582 1512 1712 1552 etiam
1732 1519 1775 1551 et
1806 1513 1849 1551 in
1874 1519 1991 1552 tene-

1105 1571 1193 1613 Bris
1213 1573 1426 1621 viderent,
1456 1574 1531 1614 sed
1559 1575 1612 1613 ad
1633 1574 1790 1614 breve:
1821 1575 1994 1616 incede-

1102 1635 1179 1676 bat
1222 1637 1393 1676 cervice
1432 1637 1572 1689 rigida
1608 1644 1652 1678 et
1691 1639 1880 1691 obstipa,
1916 1640 1991 1680 ad-

1101 1699 1232 1740 ducto
1259 1699 1353 1740 fere
1375 1701 1511 1751 vultu,
1543 1701 1793 1755 plerumque
1816 1703 1993 1755 tacitus,

1100 1764 1217 1804 nullo
1238 1770 1312 1805 aut
1329 1765 1549 1805 rarissimo
1570 1767 1702 1806 etiam
1733 1780 1828 1807 cum
1848 1769 1994 1820 proxi-

1099 1827 1180 1867 mis
1215 1839 1426 1878 sermone,
1455 1841 1594 1881 eoque
1623 1830 1878 1882 tardissimo,
1910 1844 1990 1873 nec

1102 1889 1196 1930 sine
1215 1891 1335 1931 molli
1350 1892 1533 1944 quadam
1553 1891 1784 1944 digitorum
1805 1895 1991 1945 gesticu-

1101 1953 1292 1997 latione?

1156 2017 1227 2056 Ita
1260 2018 1436 2058 Tacitus
1476 2018 1632 2061 Annal.
1676 2033 1739 2062 vr.
1790 2034 1885 2074 cap.
1921 2027 1991 2064 51.

1102 2079 1114 2100 ‘
1137 2080 1310 2120 Morum
1360 2094 1530 2133 quoque
1582 2090 1774 2136 tempora
1816 2086 1878 2125 illi
1925 2087 1990 2126 di-

1103 2154 1253 2183 versa:
1285 2144 1485 2194 egregius
1507 2145 1593 2184 vita
1622 2145 1819 2199 famaque
1849 2150 1990 2201 quoad

1105 2206 1311 2258 privatus,
1337 2209 1405 2247 vel
1426 2209 1468 2247 in
1490 2209 1679 2261 imperiis
1699 2213 1776 2252 sub
1795 2212 1992 2265 Augusto

1103 2269 1214 2310 fuit:
1247 2271 1442 2311 occultus
1475 2285 1525 2312 ac
1559 2274 1760 2315 subdolus
1781 2275 1993 2328 fingendis

1106 2333 1351 2384 virtutibus,
1408 2334 1546 2376 donec
1606 2338 1892 2380 Germanicus
1938 2355 1990 2382 ac

1106 2396 1274 2436 Drusus
1299 2397 1580 2449 superfuere:
1610 2402 1725 2442 idem
1746 2404 1860 2444 inter
1881 2405 1992 2446 bona

1104 2461 1300 2513 malaque
1352 2462 1530 2513 mixtus,
1576 2465 1778 2507 incolumi
1822 2477 1986 2510 matre:

1102 2524 1362 2565 intestabilis
1392 2527 1574 2579 saevitia,
1619 2530 1696 2570 sed
1729 2531 1918 2573 obtectis
1947 2535 1994 2574 li·

1105 2588 1336 2640 bidinibus,
1365 2590 1467 2630 dum
1501 2593 1704 2645 Sejanum
1736 2597 1905 2649 dilexit,
1940 2600 1992 2639 ti·

1102 2653 1279 2694 muitve.
1336 2655 1565 2696 Postremo
1598 2658 1642 2696 in
1671 2660 1834 2700 scelera
1865 2663 1989 2704 simul

1102 2729 1154 2756 ac
1173 2711 1390 2758 dedeco'ra
1421 2722 1634 2774 prorupit,
1661 2731 1890 2777 postquam
1924 2741 1990 2768 re-

1103 2785 1221 2820 moto
1242 2782 1407 2833 pudore
1428 2790 1473 2824 et
1492 2790 1627 2837 metu,
1645 2799 1721 2827 suo
1743 2793 1908 2831 tantum
1930 2793 1990 2832 in-

1103 2845 1231 2893 genio
1252 2846 1483 2886 utebatur!

1158 2908 1326 2948 Drusus
1347 2909 1498 2949 iisdem
1515 2912 1670 2963 quibus
1688 2916 1892 2958 Tiberius
1914 2931 1986 2970 pa-

1100 2970 1311 3023 rentibus,
1340 2973 1405 3013 Ti.
1437 2974 1612 3016 Nerone
1645 2984 1691 3018 et
1720 2980 1842 3019 Livia
1869 2983 1990 3032 geni-

1101 3041 1187 3086 tus,
1228 3038 1447 3090 privignus
1487 3041 1668 3093 Augusti
1697 3047 1849 3085 multos
1879 3047 1989 3087 Ger-

1101 3101 1254 3141 mauiae
1278 3102 1460 3153 populos
1481 3103 1670 3157 subegit,
1700 3108 1843 3147 omnia
1862 3110 1988 3163 longe

1100 3164 1275 3217 lateque
1305 3178 1439 3217 usque
1470 3166 1523 3205 ad
1554 3167 1696 3208 Albim
1726 3173 1985 3223 populatus;

1099 3227 1175 3267 sed
1197 3240 1308 3267 anno
1340 3229 1487 3279 aetatis
1516 3233 1581 3269 30.
1610 3231 1855 3283 designatus
1875 3236 1987 3279 Con-

1099 3291 1180 3340 sul,
1199 3291 1289 3330 sive
1310 3291 1473 3341 morbo,
1492 3292 1581 3332 sive
1601 3306 1710 3345 equo
1730 3309 1860 3348 super
1887 3313 1984 3342 crus

1098 3355 1294 3406 collapso
1316 3355 1358 3393 in
1379 3355 1612 3394 Germania
1642 3357 1829 3401 interiit:
1861 3364 1985 3405 Prin-

1097 3429 1203 3468 ceps
1240 3416 1469 3455 virtutibus
1504 3417 1676 3458 Tiberio
1705 3421 1830 3473 longe
1858 3438 1984 3478 supe.

1096 3482 1211 3530 rior;
1243 3492 1298 3519 ex
1318 3479 1478 3529 liberiS,
1497 3492 1603 3530 quos
1624 3493 1676 3520 ex
1693 3482 1883 3529 Antonia
1896 3490 1984 3531 An-

1095 3543 1204 3583 tonii
1233 3541 1462 3582 Triumviri
1491 3546 1537 3582 et
1569 3542 1765 3588 Octaviae
1793 3549 1880 3593 filia
1908 3567 1982 3606 ge-
