2294 3990
396 304 466 358 82

400 450 511 478 anno
526 441 621 479 417.
639 436 777 478 aditus
805 437 962 490 patuit.
1018 447 1088 476 111.
1115 436 1272 478 Quam-

399 502 474 542 diu
518 502 683 552 iisdem,
731 501 882 554 quibus
927 499 1071 550 Italia,
1115 498 1271 539 finibus

399 567 586 606 clausum
621 571 688 606 est
719 566 1001 604 Romanorum
1020 563 1272 615 Imperium,

400 631 563 669 tamdiu
592 629 659 668 hic
690 628 844 667 mansit
862 627 1104 665 Praetorum
1125 637 1271 666 nume-

398 706 470 733 rus
492 706 503 732 :
553 698 598 732 at
634 692 707 732 ubi
759 690 862 730 victi
899 689 1272 741 Carthaginienses

399 756 601 796 Romanis
620 758 853 805 cesserunt,
873 760 917 792 et
943 753 986 791 in
1005 752 1118 792 bello
1138 754 1271 793 Puni-

399 831 450 860 co
477 819 614 870 primo
644 816 832 857 Siciliam
867 823 912 856 et
943 816 1194 867 Sardiniam,
1227 823 1272 857 et

400 883 444 922 in
479 880 664 921 secundo
706 891 808 919 vero
853 884 1081 932 utramque
1115 880 1272 933 Hispa-

398 945 526 996 niam,
547 943 790 984 citeriorem
810 949 856 983 et
886 943 1160 995 ulteriorem3
1183 951 1272 984 tum

397 1014 578 1061 quatuor
593 1006 789 1059 adjuncti
810 1006 1042 1058 Praetores,
1060 1007 1143 1047 duo
1164 1020 1274 1047 anno

397 1077 490 1114 526.
513 1073 582 1125 qui
604 1072 792 1113 Siciliam
811 1078 856 1113 et
874 1072 1137 1122 Sardiniam;
1163 1085 1273 1112 anno

399 1148 499 1176 vero
519 1139 613 1176 556.
637 1135 831 1186 totidem,
860 1135 932 1188 qui
955 1134 1188 1187 Hispanias
1204 1147 1270 1174 re-

395 1205 560 1250 gerent.
617 1206 680 1239 1v.
694 1199 879 1238 Mutatis
895 1198 1006 1238 haud
1021 1199 1159 1238 multo
1174 1203 1274 1250 post

397 1263 552 1303 civium
565 1261 768 1313 moribus,
781 1262 873 1301 haec
885 1267 1049 1302 mutata
1062 1261 1172 1301 ratio
1188 1267 1271 1301 est:

398 1326 541 1367 deleta
569 1326 681 1366 enim
705 1325 981 1376 Carthagine,
1007 1325 1154 1365 deleta
1186 1326 1275 1366 Nu-

396 1389 572 1439 mantia,
600 1388 820 1439 Philippo,
847 1387 1077 1440 Antiocho,
1109 1389 1272 1430 Perseo

399 1453 595 1500 devictis,
639 1452 765 1491 simul
797 1463 893 1492 cum
930 1452 1084 1504 opibus
1122 1452 1273 1503 libido,

396 1517 538 1569 luxus,
550 1516 741 1568 ambitio,
754 1516 935 1557 avaritia
949 1528 1146 1556 crevere:
1161 1517 1276 1557 unde

398 1581 583 1621 admissa
596 1585 686 1620 tum
701 1580 743 1619 in
755 1580 860 1620 urbe
876 1585 966 1620 tum
982 1579 1024 1619 in
1045 1580 1276 1631 provinciis

399 1645 533 1684 multa
545 1649 590 1684 et
610 1657 634 1684 a
649 1644 828 1696 privatis
845 1649 889 1684 et
904 1656 929 1683 a
945 1644 1274 1696 Magistratibus

399 1708 565 1748 scelera
582 1721 593 1756 ;
606 1708 851 1759 homicidia,
864 1707 1088 1759 veneficia,
1099 1709 1277 1760 rapinae,

399 1772 481 1811 &c.
500 1782 631 1823 quare
664 1771 923 1823 quaestiones
953 1771 1154 1823 publicae,
1180 1784 1274 1824 quae

399 1834 517 1886 prius
536 1835 604 1873 vel
620 1834 891 1886 Consulibus,
912 1835 978 1875 vel
996 1835 1122 1875 lectis
1142 1836 1275 1876 Sena-

400 1896 565 1936 toribus
585 1902 708 1937 extra
727 1897 934 1949 ordinem,
954 1903 1083 1949 prout
1097 1910 1164 1938 res
1182 1911 1275 1950 pos-

401 1960 545 2011 cebat,
574 1960 782 2001 committi
810 1961 1020 2011 solebant,
1052 1966 1275 2014 perpetuae

399 2023 532 2064 factae
568 2030 682 2072 sunt,
712 2025 767 2064 de
787 2024 1074 2077 RepetundiS‚
1102 2025 1156 2066 de
1177 2026 1277 2067 Am-

400 2087 510 2139 bitu,
557 2086 612 2126 de
659 2088 706 2127 M
711 2088 909 2140 ajestate,
952 2088 1006 2128 de
1052 2090 1281 2142 Peculatu,

401 2150 864 2202 Parricidio,1ncestu,
887 2153 968 2192 &c.
989 2164 1138 2205 eaeque
1167 2165 1279 2194 anno

403 2218 498 2255 609.
518 2214 789 2255 demandatae
809 2214 1104 2256 Praetoribus:
1135 2216 1199 2257 ita
1231 2221 1280 2257 ut

1048 318 1127 356 DE
1169 314 1570 355 ROMANORUM

1930 360 1973 383 ,Α

1336 446 1471 487 penes
1512 435 1607 475 illos
1655 433 1794 474 omnia
1835 431 1982 475 essent
2016 434 2215 487 judici-'m
2260 459 2262 461 ·

1340 512 1474 551 penes
1506 500 1726 540 Urbanum
1758 505 1803 539 et
1825 500 2111 552 Peregrinum
2132 501 2217 553 pri·

1335 571 1449 616 vata,
1468 576 1600 616 penes
1623 563 1729 604 alios
1760 563 1945 615 publica.
2001 565 2099 606 Quo
2121 577 2216 604 mus

1334 639 1438 667 nere
1471 632 1519 667 ut
1545 626 1845 679 fungerentur,
1876 627 1974 679 lege
2003 627 2216 668 sancitum

1340 696 1425 742 est,
1444 696 1492 731 ut
1512 690 1733 731 Praetores
1754 702 1900 730 omnes
1919 702 2104 731 annuum
2123 688 2221 732 Ma*

1341 755 1568 805 gistratum
1601 755 1644 793 in
1679 754 1784 794 urbe
1806 753 2111 806 transigerent,
2128 759 2221 794 tum

1340 817 1452 858 inter
1470 830 1514 857 se
1536 819 1787 859 Provincias
1818 818 2096 869 sortirentur,
2118 830 2221 871 quas

1341 894 1437 922 cum
1475 882 1657 934 imperio
1697 882 1764 922 vel
1801 881 2104 922 Proconsulari
2151 882 2221 922 vel

1340 945 1636 996 Propraetorio
1671 943 2039 984 administrarent.
2094 956 2139 985 v.
2169 944 2223 985 In

1342 1007 1583 1048 Provinciis
1601 1008 1654 1048 ad
1674 1007 1894 1047 Praetores
1916 1007 2138 1060 pertinuit,
2149 1006 2224 1058 jus

1342 1071 1578 1111 secundum
1596 1071 1715 1123 leges
1731 1070 1892 1121 dicere,
1914 1070 2048 1110 tutari
2067 1071 2224 1124 socios,

1341 1134 1586 1186 perduelles
1625 1134 1872 1186 reprimere,
1903 1133 2064 1174 ducere
2100 1144 2226 1174 exer·

1341 1198 1492 1248 citum,
1522 1198 1698 1249 bellum,
1729 1197 1765 1236 si
1785 1209 1892 1249 opus
1910 1196 2036 1250 foret,
2057 1206 2224 1250 gerere,

1344 1262 1517 1313 exigere
1556 1261 1812 1313 vectigalia;
1851 1267 2010 1312 castra,
2048 1261 2150 1312 vias,
2180 1267 2228 1302 et

1343 1337 1476 1376 opera
1511 1324 1684 1376 publica
1715 1324 1898 1364 munire.
1969 1335 2054 1364 vu.
2093 1323 2135 1364 A
2172 1325 2222 1365 L.

1341 1389 1458 1440 Sylla
1477 1388 1706 1429 Dictatore
1726 1400 1837 1428 anno
1863 1387 1996 1427 Urbis
2021 1389 2117 1430 673.
2138 1387 2224 1428 duo

1342 1451 1504 1503 adjecti
1540 1451 1777 1502 Praetores,
1809 1461 1990 1503 quorum
2029 1449 2141 1489 alter
2167 1448 2224 1490 de

1345 1513 1527 1565 sicariis,
1560 1514 1671 1553 alter
1699 1512 1753 1553 de
1781 1511 1890 1553 falso
1923 1518 2221 1564 cognosceret.

1342 1577 1539 1617 Totidem
1560 1577 1649 1617 a'C.
1665 1577 1836 1617 Caesare
1852 1587 1961 1616 anno
1986 1579 2082 1616 707.
2103 1575 2226 1616 addi-

1344 1641 1396 1692 ti,
1437 1641 1511 1693 qui
1559 1640 1671 1693 quod
1711 1639 1927 1680 frumento
1977 1644 2229 1692 praeessent,

1344 1705 1546 1745 Cereales
1567 1704 1692 1755 vulgo
1712 1703 1978 1756 nuncupati;
1998 1708 2088 1743 tum
2104 1715 2227 1759 >anuo

1344 1771 1438 1809 708.
1458 1775 1655 1822 quatuor,
1673 1767 1860 1820 denique
1880 1779 1992 1808 anno
2011 1769 2107 1808 709.
2126 1767 2226 1807 duo.

1348 1833 1472 1874 Caeso
1493 1841 1638 1874 tamen
1654 1834 1781 1886 paulo
1795 1838 1893 1886 post
1906 1833 2097 1883 Caesare,
2111 1831 2233 1889 Prai-

1345 1904 1460 1940 tores
1490 1904 1657 1940 tantum
1683 1904 1799 1949 octo,
1828 1898 1890 1938 uti
1922 1899 2057 1951 prins,
2076 1898 2229 1950 creati,

1345 1963 1483 2003 donec
1503 1962 1722 2015 Augustus
1759 1962 1837 2023 sub
1863 1962 1992 2003 finem
2017 1962 2228 2002 bellorum

1345 2028 1532 2068 civilium
1571 2039 1680 2067 anno
1714 2031 1808 2068 725.
1847 2032 2047 2079 quatuor,
2078 2031 2124 2066 et
2153 2026 2229 2066 ali-

1346 2097 1508 2143 quanto
1524 2096 1623 2143 post
1640 2090 1843 2130 Claudius
1859 2090 1944 2131 duo
1957 2089 2145 2142 adjecit;
2166 2089 2230 2129 ita

1346 2159 1396 2195 ut
1428 2154 1604 2207 singulis
1637 2154 1759 2194 annis
1785 2153 1990 2206 deinceps
2010 2153 2231 2198 Praetores

1347 2223 1412 2262 14.
1430 2220 1693 2272 legerentur.

1160 2403 1473 2465 AEDILIS.

461 2550 493 2582 1.
513 2542 695 2582 AEmms
711 2540 860 2582 Romae
877 2551 953 2580 sex
967 2535 1136 2581 omnino
1151 2539 1285 2582 fuisse

408 2605 703 2656 perhibentur,
717 2604 801 2645 duo
815 2605 1164 2655 Plebis‚Curules
1181 2605 1280 2654 duo,

407 2668 588 2707 totidem
602 2668 826 2708 Cereales:
842 2668 925 2708 alia
938 2668 1030 2707 aliis
1046 2668 1179 2720 origo,
1196 2668 1288 2720 dig.

407 2734 538 2783 nitas,
557 2744 744 2772 munera.
800 2732 962 2772 AEdiles
979 2732 1127 2772 Plebis
1160 2744 1185 2772 a
1212 2746 1287 2785 po-

408 2797 509 2848 pulo
530 2796 603 2835 ubi
622 2809 646 2836 e
663 2801 807 2836 monte
828 2808 950 2835 sacro
983 2796 1025 2835 in
1054 2796 1201 2836 urbem
1222 2810 1286 2836 re-

409 2860 504 2911 diit,
522 2860 673 2900 eodem
702 2871 812 2900 anno
833 2872 918 2912 quo
941 2859 1119 2899 Tribuni
1149 2859 1285 2911 plebis

407 2926 501 2963 260.
519 2934 727 2963 consensu
747 2923 926 2962 Patrum
954 2922 1139 2962 instituti
1161 2930 1287 2975 sunt;

411 2987 592 3028 Curules
623 2999 724 3026 vero
751 2999 861 3026 anno
894 2989 987 3026 387.
1004 2987 1138 3026 creati
1159 3001 1184 3027 a
1203 2988 1287 3028 Pa-

410 3049 564 3102 tribus,
603 3049 718 3104 quod
763 3050 925 3098 AEdiles
961 3049 1109 3090 Plebis
1152 3049 1289 3101 ludos,

410 3127 514 3167 quos
534 3116 716 3156 Senatus
732 3119 927 3166 voverat,
957 3119 1127 3154 acturos
1151 3125 1198 3153 se
1214 3126 1287 3153 ne-

410 3184 576 3230 garent.
632 3178 832 3220 Cereales
852 3191 877 3218 a
911 3178 959 3218 C.
989 3178 1159 3217 Caesare
1178 3189 1288 3217 anno

410 3246 505 3283 709.
562 3253 613 3283 11.
629 3242 792 3282 AEdiles
822 3241 970 3281 Plebis
989 3239 1158 3279 Plebeii
1183 3252 1290 3280 sem-

411 3318 490 3358 per
510 3306 679 3358 generis
697 3304 820 3346 fuere
837 3317 849 3356 ;
871 3304 1073 3346 Cereales
1094 3302 1290 3351 Patricii,

414 3371 594 3410 Curules
627 3369 863 3422 utriusque.
918 3367 1097 3409 Curules
1134 3367 1291 3408 ceteris

413 3435 625 3487 dignitate
671 3435 938 3488 praestabant
957 3448 969 3475 :
1015 3434 1120 3486 ipsis
1179 3433 1293 3474 enim

414 3499 594 3550 praemia
629 3499 683 3539 ob
717 3499 904 3540 laborem
935 3498 1054 3550 data,
1080 3496 1295 3550 antiquior

415 3562 458 3601 in
489 3562 652 3604 Senatu
679 3563 909 3605 sententiae
943 3561 1137 3604 dicendae
1162 3561 1295 3610 locus,

1353 2548 1455 2594 toga
1474 2548 1709 2596 praetexta,
1729 2537 1836 2583 sella
1851 2536 2025 2593 curulis,
2039 2535 2112 2593 jus
2130 2535 2233 2593 ἱιῐιει·γ

1354 2608 1515 2659 gitium,
1548 2620 1642 2660 quae
1676 2607 1768 2647 aliis
1795 2613 1967 2658 negata.
2025 2617 2098 2647 111.
2116 2603 2234 2646 AEdi-

1354 2671 1456 2711 lium
1492 2671 1632 2723 plebis
1664 2669 1806 2711 officia
1835 2669 2010 2710 fuerunt
2036 2667 2236 2708 Tribunis

1356 2735 1579 2785 inservire,
1613 2738 1828 2774 matronas
1860 2732 2111 2772 insimulare
2139 2741 2238 2781 pro-

1354 2797 1437 2848 bri,
1470 2797 1751 2841 foeneratores
1781 2794 2000 2845 coercere,
2039 2791 2235 2832 inhibere

1355 2861 1573 2914 popinas3
1623 2866 1672 2900 ut
1711 2858 2010 2912 aquaeductus,
2055 2857 2234 2908 cloacae,

1355 2925 1555 2978 aedificia,
1585 2925 1674 2965 sive
1707 2924 1878 2977 privata
1923 2922 2012 2962 sive
2045 2919 2237 2974 publica,

1354 2989 1513 3029 munda
1553 2991 1699 3029 essent
1734 2993 1781 3028 et
1824 2987 2010 3039 integra,
2056 2995 2238 3034 curare3

1356 3051 1585 3104 providere
1619 3063 1674 3090 ne
1710 3061 1891 3090 annonae
1925 3048 2106 3101 penuria
2133 3046 2236 3087 urbs

1355 3117 1574 3157 laboraret
1589 3114 1996 3166 ;Senatusconsu1ta
2009 3117 2056 3152 et
2069 3110 2240 3151 Plebis-

1355 3179 1444 3220 cita
1476 3178 1712 3220 custodire.
1768 3176 1989 3218 Curulium
2022 3186 2126 3215 vero
2154 3173 2240 3214 fuit

1355 3242 1479 3282 ludos
1513 3253 1656 3282 sacros
1686 3245 1734 3281 et
1762 3240 1956 3280 solennes
1988 3237 2240 3287 instituere3

1358 3306 1537 3356 templa,
1570 3304 1790 3354 basilicas,
1822 3303 2009 3354 theatra,
2030 3301 2240 3353 porticus,

1359 3368 1515 3419 stadia,
1527 3367 1635 3418 fora,
1655 3367 1812 3417 curias,
1828 3365 1985 3405 moenia
2004 3370 2049 3404 et
2063 3362 2242 3404 reficere

1360 3438 1407 3473 et
1423 3443 1645 3472 exornare.
1700 3430 1770 3470 Ad
1801 3429 2003 3470 Cereales
2029 3426 2241 3480 pertinuit

1360 3495 1578 3537 frumento
1598 3494 1770 3548 publico
1790 3504 1995 3546 praeesse,
2029 3494 2244 3544 praeterea

1361 3558 1480 3599 nihil.
