2242 3958
671 319 982 360 GENTIBUS
1024 317 1098 355 ET
1141 313 1437 355 FAMILIIS.

154 447 278 488 licola
323 444 396 497 qui
448 443 590 494 Reges
627 440 759 494 ejecit
793 444 934 479 ortum
985 449 1030 476 se

152 509 394 565 profitetur.
453 507 531 547 Cui
564 518 657 557 ego,
685 515 808 556 quam
830 500 936 550 aliis,
964 512 1030 539 as·

154 572 304 615 sentiri
339 570 483 611 malui.
537 570 646 611 Quae
679 566 822 618 opinio
855 564 891 604 si
929 575 1032 602 vera

153 641 238 686 est,
257 634 436 675 Maximi
458 642 691 684 cognomen
712 640 795 668 non
812 627 970 667 avitum
987 626 1030 665 iu

152 711 207 740 eo
219 697 320 748 fnit,
335 696 410 737 sed
431 696 592 735 virtute
606 698 789 746 partum.
808 691 870 731 Ut
890 696 938 729 ut
951 695 1032 735 est,

152 761 259 803 nihil
286 761 398 800 enim
423 757 601 798 definire
632 755 780 804 ausim,
800 765 825 793 a
844 753 1029 793 Corvino

153 824 379 877 propagati
393 827 492 862 sunt
499 819 662 860 Valerii
679 817 890 858 Messalae.
921 816 1027 867 Ejus

152 889 266 927 enim
292 886 404 926 filius
435 885 604 923 Marcus
629 879 788 920 Consul
808 890 917 918 anno
935 880 1032 918 464.

152 954 278 1003 pater
303 947 386 999 fuit
415 946 555 988 Marci
582 943 774 992 Maximi,
796 941 1032 982 Consulatu

151 1024 265 1054 anno
282 1015 376 1052 490.
411 1010 618 1059 Censura,
638 1007 693 1047 de
713 1005 859 1046 Poenis
881 1004 1028 1044 trium-

138 1079 142 1083 “
154 1075 240 1129 pho
260 1072 481 1115 clarissimi
499 1085 512 1122 ;
541 1072 625 1122 cui,
646 1069 762 1123 quod
781 1069 1027 1108 Messanam

150 1138 302 1180 urbem
319 1136 476 1178 Siciliae
497 1136 697 1187 cepisset,
715 1133 893 1184 primum
913 1133 1029 1172 Mes·

149 1213 282 1255 sane,
317 1207 406 1242 tum
437 1200 635 1240 Messalae
662 1210 898 1250 cognomen
919 1195 1028 1235 indi-

151 1272 243 1307 tum
280 1271 362 1306 est.
417 1265 484 1304 Ex
528 1263 621 1315 ejus
667 1262 849 1314 posteris
890 1260 1030 1300 Marci

151 1329 360 1371 consules
388 1327 527 1378 multi,
552 1326 663 1366 filius
691 1337 800 1365 anno
830 1328 926 1364 527.
961 1335 1029 1362 ne·

150 1403 230 1444 pos
266 1394 361 1431 565.
399 1402 614 1442 pronepos
649 1394 743 1430 592.
781 1394 828 1429 et
865 1388 1029 1428 Censor

147 1455 251 1496 licet
270 1454 363 1507 ipse
389 1453 508 1506 prius
537 1451 690 1492 fuisset
707 1465 733 1492 a
751 1452 939 1491 Censore
957 1461 1030 1489 no-

150 1523 280 1559 tatus.

203 1579 274 1621 Ab
291 1579 370 1619 hoc
383 1579 572 1619 Messala
590 1590 668 1630 per
695 1581 867 1618 centum
888 1589 1023 1628 prope

149 1655 282 1684 annos
296 1643 437 1695 jacuit
455 1643 737 1682 Messalarum
766 1641 929 1690 domus,
950 1641 1023 1679 do·

149 1718 228 1748 nec
246 1707 358 1747 illius
392 1719 619 1758 pronepos,
642 1706 705 1746 M.
735 1705 924 1745 Messala
947 1705 1021 1744 Ni-

150 1781 245 1822 ger,
261 1775 423 1821 orator,
452 1769 656 1820 prudens,
671 1775 837 1818 acutus,
855 1770 1020 1807 multae-

147 1846 233 1888 que
269 1847 411 1886 operae
440 1835 718 1876 Consulatum
752 1835 935 1885 adeptus
955 1840 1022 1874 est

147 1910 258 1939 anno
268 1902 386 1949 6923
404 1898 599 1951 illiusque
612 1902 816 1949 cognatus
830 1898 894 1938 M.
910 1899 1021 1937 Mes-

146 1963 239 2002 sala
264 1974 376 2002 anno
406 1962 603 2012 700.;de
634 1974 717 2014 quo
750 1966 900 2013 postea
920 1974 1018 2013 age·

146 2036 253 2066 mus.
310 2026 377 2066 Ex
411 2026 563 2066 Marco
597 2031 767 2065 oratore
795 2030 920 2065 natus
951 2031 1019 2065 est

1906 302 1977 355 71

1100 436 1275 476 Marcus
1287 439 1331 475 et
1348 435 1440 487 ipse
1450 443 1637 473 summus
1650 435 1797 472 orator
1811 445 1823 481 ς
1840 433 1912 484 qui
1928 444 1980 472 eo

1099 498 1267 537 nomine
1305 496 1437 537 etiam
1471 502 1560 536 tum
1587 494 1761 547 juvenis
1796 507 1823 534 a
1855 495 1976 535 Cice-

1100 574 1203 602 rone
1240 560 1456 601 laudatur.
1510 559 1650 599 Victis
1688 558 1818 598 Bruti
1850 558 1982 610 parti-

1100 625 1192 676 bus,
1211 637 1236 664 a
1255 624 1408 677 quibus
1428 627 1638 672 steterat3
1669 621 1854 663 Octavio
1883 621 1978 662 Cae-

1099 689 1198 740 sari,
1236 702 1260 729 a
1287 701 1371 741 quo
1401 686 1546 728 fuerat
1576 691 1806 727 revocatus
1835 686 1880 725 in
1909 698 1981 725 ur-

1098 753 1214 802 bem,
1252 758 1405 792 contra
1437 750 1671 792 Antonium
1706 749 1858 798 affuit3
1905 749 1981 790 de·

1098 818 1198 856 inde
1223 817 1503 857 Consulatum
1522 828 1632 857 anno
1652 818 1746 856 724.
1764 814 1818 854 de
1837 815 1979 855 Salas·

1099 881 1156 919 sis
1176 880 1454 932 triumphum,
1471 885 1517 920 et
1536 879 1652 920 urbis
1673 876 1980 930 praefecturam

1098 944 1300 985 obtinuit.
1359 945 1424 984 Ex
1444 943 1610 984 duobus
1631 942 1728 984 filiis
1748 940 1906 982 Lucius
1933 941 1978 981 in

1099 1013 1269 1059 gentem
1305 1006 1527 1047 Aureliam
1549 1007 1800 1058 adoptatus,
1818 1006 1868 1045 1..
1889 1003 1979 1045 Au-

1098 1070 1228 1109 relius
1267 1069 1396 1109 Cotta
1426 1070 1679 1109 Messalinus
1713 1068 1852 1109 dictus
1883 1073 1978 1107 est:

1098 1134 1207 1173 alter
1227 1134 1402 1173 Marcus
1431 1133 1590 1173 Consul
1615 1144 1726 1172 anno
1746 1136 1840 1172 750.
1862 1130 1978 1171 bello

1098 1197 1348 1237 Pannonico
1379 1197 1518 1237 victor
1545 1201 1796 1236 ornamenta
1829 1194 1979 1234 trium·

1100 1259 1241 1310 phalia
1265 1258 1415 1298 retulit
1435 1272 1444 1297 :
1475 1258 1599 1310 cujus
1628 1257 1739 1297 filius
1758 1261 1804 1296 et
1823 1257 1976 1308 Nepos

1095 1323 1237 1362 Marci
1258 1323 1537 1362 Consulatum
1552 1325 1794 1372 gesserunt,
1813 1319 1886 1359 ille
1905 1330 1978 1359 an-

1095 1399 1151 1425 no
1178 1389 1272 1427 772.
1301 1386 1370 1425 hic
1406 1389 1501 1425 810.
1558 1384 1743 1425 Neronis
1771 1383 1816 1423 in
1844 1382 1976 1423 tertio

1096 1450 1331 1491 Consulatu
1349 1449 1530 1500 collega.

1143 1515 1208 1553 Ex
1231 1514 1334 1554 Caio
1355 1513 1547 1553 Messala
1562 1516 1607 1552 et
1622 1509 1851 1551 Hortensii
1865 1509 1975 1549 Ora-

1089 1578 1193 1618 toris
1221 1590 1366 1617 sorore
1395 1576 1566 1628 genitus
1598 1580 1666 1615 est
1694 1575 1757 1614 M.
1783 1573 1972 1613 Messala

1089 1642 1238 1693 Augur
1257 1640 1414 1682 Consul
1433 1653 1542 1681 anuo
1558 1643 1680 1689 ⁷00.;
1701 1638 1850 1691 dequo
1870 1649 1975 1689 pau-

1089 1707 1129 1746 lo
1150 1712 1264 1755 ante,
1284 1706 1407 1758 cujus
1435 1704 1548 1744 filius
1570 1704 1633 1744 M.
1654 1702 1843 1743 Messala
1866 1702 1975 1742 Bar-

1089 1772 1213 1811 batus
1234 1771 1298 1809 vir
1318 1768 1630 1810 eruditissimus
1655 1772 1699 1807 et
1719 1766 1878 1806 Consul
1897 1777 1972 1805 an·

1088 1847 1143 1874 no
1170 1837 1264 1875 741.
1295 1833 1446 1885 genuit
1469 1833 1534 1872 M.
1551 1831 1778 1871 Messalam
1805 1829 1971 1869 Barba-

1086 1905 1192 1948 tum,
1207 1897 1278 1950 qui
1299 1909 1355 1937 ex
1376 1896 1543 1948 Lepida
1562 1894 1756 1947 suscepit
1773 1893 1970 1934 Messali-

1087 1974 1199 2013 nam,
1227 1960 1398 2001 Claudii
1417 1958 1696 2013 Imperatoris
1715 1969 1911 1999 uxorem.

697 2185 1031 2240 VALERII
1069 2185 1413 2239 MAXIMI.

198 2310 262 2350 Μ.
282 2310 510 2350 vatemus
535 2310 779 2362 Maximus,
799 2308 951 2349 Volusi
972 2308 1020 2348 fi-

145 2373 238 2424 lius,
267 2379 313 2413 et
345 2373 578 2426 Poplicolae
607 2373 758 2423 frater,
779 2372 1017 2425 Auguratu,

145 2435 379 2476 Consulatu
413 2448 522 2476 anno
556 2438 651 2476 248.
689 2436 923 2486 dictatura,
962 2436 1017 2476 de

145 2498 312 2558 Sabinis
330 2505 376 2538 et
395 2499 561 2539 Latinis
589 2500 806 2551 triumpho
835 2499 1016 2550 nobilis;

142 2560 272 2602 fllium
289 2561 437 2602 habuit
453 2563 644 2603 Marcum
663 2563 887 2603 Consulem
907 2575 1016 2603 anno

1088 2314 1182 2350 297.
1204 2316 1249 2351 et
1268 2314 1552 2364 pronepotem
1573 2309 1768 2349 Marcum
1796 2307 1863 2348 bis
1891 2306 1967 2347 tri-

1086 2373 1243 2413 bunum
1263 2374 1519 2424 militarem3
1549 2386 1604 2414 ex
1631 2373 1754 2426 cujus
1781 2372 1870 2412 filio
1891 2384 1965 2410 na-

1089 2442 1158 2476 tus
1184 2443 1251 2478 est
1282 2439 1457 2479 Marcus
1487 2438 1554 2478 bis
1585 2439 1774 2490 Legatus
1803 2435 1883 2476 sub
1911 2435 1963 2475 L.

1088 2501 1279 2553 Papyrio
1312 2501 1539 2552 dictatore,
1576 2507 1623 2542 et
1660 2501 1819 2542 Consul
1852 2511 1963 2540 anno

1085 2567 1180 2604 441.
1199 2569 1243 2605 et
1263 2565 1480 2617 aliquanto
1496 2569 1594 2617 post
1610 2565 1786 2606 Censor.

480 2721 816 2776 VALERII
853 2724 1125 2778 ΡΟΤΙΤΙ
1166 2723 1263 2777 ΕΤ
1301 2724 1607 2779 FLACCI.

192 2848 245 2889 1..
263 2848 472 2889 VAnmuo
490 2848 667 2890 Pon‘ro
684 2849 832 2889 Volusi
858 2849 943 2889 filio
968 2855 1014 2890 et

139 2909 375 2962 Poplicola
390 2910 514 2951 fratri
542 2913 674 2952 semel
702 2917 831 2965 atque
856 2913 1010 2953 iterum

141 2973 315 3014 Consuli
342 2986 451 3014 auno
479 2978 576 3015 268.
595 2980 640 3014 et
663 2978 757 3015 283.
788 2975 899 3015 filius
927 2976 1012 3016 fuit

138 3033 300 3077 Lucius
317 3035 550 3076 Consulatu
565 3049 676 3078 anno
690 3041 783 3079 304.
805 3044 850 3079 et
864 3040 1011 3080 trium-

138 3097 223 3150 pho
241 3098 296 3139 de
319 3098 460 3152 AEquis
487 3105 532 3140 et
550 3100 712 3140 Volscis
742 3102 908 3152 clarus3
937 3103 1011 3156 qui

138 3160 244 3201 dnos
268 3159 379 3201 filios
407 3161 567 3214 habuit,
587 3163 735 3203 Caium
756 3170 801 3204 et
830 3166 1008 3206 Lucium

137 3222 265 3263 ambo
310 3223 514 3263 Consules
550 3237 661 3265 anno
697 3229 792 3266 343.
831 3231 875 3266 et
911 3231 1006 3268 361.

137 3285 262 3327 ambo
292 3286 504 3327 Tribunos
532 3288 754 3340 militares,
786 3289 903 3330 illum
940 3303 1007 3331 se-

136 3350 237 3400 mel,
264 3349 374 3390 hunc
409 3352 648 3405 quinquies.
716 3356 849 3396 Lucio
881 3362 1005 3399 natus

137 3417 207 3452 est
220 3412 377 3453 Lucius
391 3414 530 3454 sexies
544 3417 760 3458 Tribunus
775 3419 1003 3461 Militaris:

136 3475 244 3516 Caio
262 3488 363 3516 vero
387 3477 538 3528 Caium
564 3481 683 3531 cujus
709 3480 787 3521 filii
814 3483 940 3522 Caius
960 3489 1006 3523 et

137 3538 293 3579 Lucius
311 3539 451 3580 Flacci
469 3540 574 3582 dicti
600 3548 713 3584 suut.
768 3545 896 3586 Caius
916 3546 1006 3600 qui-

1079 2850 1174 2890 dem
1207 2850 1365 2890 Consul
1399 2862 1509 2890 anno
1542 2853 1638 2890 422.
1673 2848 1772 2890 fuit.
1799 2848 1957 2890 Lucius

1079 2915 1293 2966 Magister
1305 2914 1498 2966 equitum
1516 2926 1627 2954 anno
1645 2918 1740 2954 432.

1133 2977 1289 3017 Lucius
1309 2989 1365 3016 ex
1383 2977 1535 3017 Marco
1553 2976 1641 3016 filio
1661 2980 1864 3028 nepotem
1883 2975 1957 3014 ha-

1076 3039 1183 3091 buit,
1205 3040 1382 3080 Lucium
1412 3041 1614 3080 Flaccum
1634 3040 1860 3083 Consulem
1882 3049 1956 3077 an-

1075 3114 1131 3142 no
1147 3107 1242 3143 492.
1259 3107 1537 3155 pronepotem
1564 3103 1763 3143 Publium
1794 3102 1956 3140 Consu-

1074 3167 1156 3207 lem
1191 3180 1300 3208 anno
1333 3171 1428 3208 626.
1465 3168 1720 3219 abnepotem
1759 3165 1952 3215 Lucium,

1074 3231 1146 3283 qui
1176 3244 1272 3272 cum
1308 3232 1356 3271 C.
1377 3232 1603 3282 Milatone‚
1635 3240 1759 3281 quem
1792 3228 1834 3266 in
1869 3227 1952 3268 Ur-

1074 3295 1170 3335 bem
1199 3300 1419 3346 evocarat,
1452 3299 1496 3333 et
1528 3293 1803 3333 Consulatum
1838 3303 1950 3331 anuo

1072 3361 1166 3397 558.
1189 3363 1234 3397 et
1255 3358 1487 3398 Censuram
1510 3356 1643 3407 gessit
1662 3367 1673 3404 ;
1702 3359 1746 3394 et
1763 3355 1951 3407 aliquan-

1072 3425 1117 3461 to
1136 3426 1234 3473 post
1264 3421 1461 3473 princeps
1492 3419 1676 3458 Senatus
1705 3418 1845 3458 lectus
1874 3423 1952 3458 est.

1074 3486 1140 3525 Ex
1177 3496 1229 3524 eo
1261 3483 1428 3534 genitus
1458 3480 1612 3521 Lucius
1648 3480 1807 3521 Consul
1838 3492 1949 3520 anno

1071 3550 1167 3587 601.
1189 3552 1313 3599 pater
1335 3543 1452 3585 Lucii
1484 3543 1679 3588 Consulis
1701 3555 1810 3585 anno
1827 3547 1949 3594 622.;
