2352 4022
429 312 536 367 270

933 327 1193 366 VALERH
1237 327 1481 365 MAlel
1527 328 1643 366 LIB.
1688 327 1752 367 11.

1178 569 1348 622 CAP.
1387 569 1494 624 VI.

797 737 905 791 DE
943 736 1356 792 EXTERNIS
1397 739 1487 792 IN
1494 739 1874 795 STITUTIS.

455 886 476 922 1
504 880 814 929 Spartanorum
832 877 1077 929 frugalitas

453 940 478 975 2
509 935 604 973 Mos
623 932 817 971 militaris
838 933 1089 972 eorundem.

452 992 477 1027 3
506 985 828 1026 Atheniensium
865 986 1106 1026 institutum
1152 990 1303 1027 contra

531 1040 691 1079 otiosos
710 1045 754 1079 et
770 1041 944 1079 inertes.

448 1099 475 1134 4
502 1092 755 1144 Areopagus
775 1094 1022 1133 eorundem.

449 1152 473 1187 5
504 1147 654 1186 Honos
674 1147 844 1187 virtutis
865 1147 977 1198 apud
997 1146 1186 1187 eosdem.

448 1205 475 1240 6
504 1199 646 1240 Animi
666 1201 824 1252 ingrati
839 1202 952 1241 actio
973 1199 1087 1252 apud
1109 1200 1299 1240 eosdem.

449 1258 475 1294 7
504 1255 836 1294 Massiliensium
852 1255 1051 1294 instituta
1069 1254 1202 1293 varia.

448 1311 474 1346 8
504 1308 701 1348 Ceiorum
722 1320 932 1348 venenum
952 1308 1192 1359 publicum.

448 1365 479 1401 9-
504 1362 833 1402 Massiliensium
861 1363 932 1402 lex
961 1361 1015 1401 de
1042 1361 1219 1401 advenis
1240 1373 1304 1401 ar-

529 1416 670 1455 matis,

423 1471 475 1509 10
504 1469 725 1510 Gallorum
745 1481 836 1509 mos
853 1469 896 1508 in
915 1472 1062 1508 mutuo
1079 1467 1236 1507 dando.

425 1526 473 1563 11
507 1523 775 1564 Cimbrorum
794 1523 1195 1574 Celtiberorumque
1213 1533 1302 1561 mos

1478 880 1520 919 in
1541 880 1750 920 adeundis
1770 880 1941 932 praeliis.

1371 937 1422 974 12
1450 934 1663 974 Thracum
1694 935 1838 986 opinio
1858 935 1912 975 de
1946 934 2047 976 vitae
2079 936 2250 989 calami-

1479 993 1583 1027 tate.

1372 1044 1422 1080 13
1453 1041 1681 1093 Lyciorum
1702 1042 1856 1081 luctus.

1371 1098 1423 1134 14
1451 1095 1655 1134 Indarum
1692 1094 1960 1135 foeminarum
1994 1095 2103 1136 fidus
2135 1109 2251 1137 amor

1477 1160 1581 1199 erga
1600 1149 1790 1189 maritos.

1372 1203 1421 1240 15
1451 1200 1713 1242 Punicarum
1745 1201 2013 1243 foeminarum
2042 1203 2247 1256 prostitu-

1478 1255 1554 1296 tio.

1372 1311 1424 1348 16
1452 1309 1684 1348 Persarum
1710 1308 1956 1350 institutum
1985 1310 2027 1350 in
2062 1310 2250 1351 educan-

1479 1362 1544 1401 dis
1564 1361 1725 1402 liberis.

1373 1418 1424 1455 17
1454 1415 1739 1455 Numidarum
1759 1427 1910 1467 regum
1929 1428 2019 1457 mos
2035 1417 2080 1457 in
2100 1421 2250 1458 aucto·

1479 1471 1611 1510 ritate
1628 1469 1854 1511 servanda.

492 1645 544 1697 1,
585 1644 752 1697 IDEM
782 1645 988 1698 sensit¹
1028 1643 1289 1711 proxima
1326 1642 1593 1711 majorum
1625 1650 1942 1697 nostrorum
1982 1645 2248 1712 gravitati

423 1730 698 1798 Spartana
717 1730 918 1782 civitas
938 1739 987 1782 :¹⁶
1005 1735 1027 1756 ³
1051 1744 1196 1796 quae,
1224 1727 1592 1780 severissimis
1611 1727 1849 1796 Lycurgi
1872 1729 2088 1795 legibus
2102 1728 2124 1759 ¹³
2150 1731 2249 1781 ob—

421 1821 758 1882 temperanS‚
788 1813 1163 1882 aliquamdiu⁰
1201 1813 1404 1866 civium
1441 1829 1667 1865 suorum
1695 1814 1894 1866 oculos
1936 1829 1969 1865 a
2009 1820 2249 1866 contem-

420 1899 629 1970 planda
651 1899 797 1953 Asia
815 1900 1080 1965 retraxit3
1119 1916 1188 1951 ne
1213 1899 1487 1951 illecebris
1514 1899 1635 1968 ejus
1662 1899 1835 1967 capti,
1865 1898 1937 1951 ad
1964 1899 2249 1963 delicatius

420 1985 556 2037 vitae
574 1991 594 2013 ²
633 2002 808 2051 genus
849 1986 1283 2053 prolaberentur.
1359 1983 1675 2036 Audierant
1722 1984 1886 2046 enim,
1936 1982 2212 2035 lautitiam
2230 1991 2245 2021 ³

418 2069 566 2132 inde,
592 2074 649 2121 et
671 2069 1003 2122 immodicos
1038 2071 1273 2131 suthS,
1307 2073 1366 2120 et
1392 2069 1580 2120 omnia
1605 2084 1713 2120 non
1731 2067 2074 2120 necessariae
2093 2073 2118 2106 4
2153 2084 2248 2124 vo-

420 2154 655 2222 luptatis
679 2171 899 2222 genera,
926 2154 1190 2206 fluxisse:
1229 2153 1552 2222 primosque
1577 2153 1753 2206 Ionas
1769 2153 1790 2183 ‘¹
1826 2153 2117 2219 unguenti,
2151 2167 2250 2204 co-

445 2402 454 2410 ·
471 2349 770 2444 ἡιζᾱεηέεἵηςὶι
791 2348 1026 2402 Respublica
1043 2349 1356 2401 Spartiatarum,
1371 2362 1458 2400 quoe
1481 2349 1700 2400 gravitatis
1724 2349 1853 2390 studio
1871 2347 2081 2399 majoribus
2103 2346 2250 2388 nostris

419 2414 507 2442 sum
527 2416 562 2442 is
577 2416 616 2442 vi
646 2417 664 2444 e
685 2416 747 2444 ur.

1181 2482 1474 2497 mm

476 2566 498 2602 l
532 2563 641 2602 Idem
659 2563 779 2603 sentit
796 2563 897 2603 Vat.
919 2566 957 2602 1.
1005 2562 1206 2613 Spartana
1227 2562 1373 2602 delent
1393 2563 1477 2602 duo
1499 2561 1646 2603 Rhem.
1691 2560 1860 2603 Deinde
1878 2562 2110 2603 severissimi
2121 2560 2249 2603 Voss.

419 2616 1019 2668 saerenissimiCopes.Ult1-aj.
1040 2620 1078 2656 1.
1139 2616 1225 2655 Pro
1259 2617 1500 2666 aliquamdiu
1521 2618 1678 2669 Copes.
1708 2617 1990 2668 quimdiu—2
2020 2617 2173 2666 Copes.
2204 2623 2249 2655 et

422 2670 580 2721 Ultraj.
600 2674 637 2710 1.
669 2670 898 2710 delectatius
915 2670 1102 2709 vitan—3
1132 2670 1236 2710 Vat.
1256 2673 1294 2710 1.
1313 2670 1475 2711 Medic.
1497 2674 1533 2709 1.
1553 2675 1592 2710 2.
1617 2674 1656 2711 3.
1676 2674 1717 2710 4.
1749 2671 1871 2711 Leid.
1892 2674 1932 2711 7.
1965 2668 2125 2721 Ultraj.
2145 2673 2184 2708 1.
2205 2673 2245 2708 2.

419 2729 466 2763 et
484 2725 584 2764 Vet.
603 2724 788 2763 laeticiam
800 2738 816 2771 ;
846 2724 965 2763 Leid.
985 2727 1023 2762 6.
1043 2723 1272 2763 leticia—4
1300 2723 1370 2762 Ita
1388 2724 1566 2774 Pighius
1584 2736 1635 2762 ex
1658 2728 1744 2764 vet.
1765 2724 1859 2763 cod.
1895 2728 1942 2764 et
1965 2723 2028 2763 sie
2057 2723 2098 2762 in
2116 2723 2249 2762 omni-

420 2777 500 2817 bus
520 2776 614 2818 fere
634 2777 762 2818 codd.
791 2790 868 2818 non
901 2777 1118 2817 necessaria
1150 2777 1312 2816 habent
1344 2778 1477 2818 Barb.
1496 2781 1535 2819 2.
1557 2777 1738 2817 Venett.
1759 2777 1940 2818 Mediol.
1963 2775 2064 2817 Ald.
2082 2778 2245 2816 &c.--5

1246 2884 1422 2925 NOTAE

473 2970 493 2992 ²
520 2965 719 3017 Spartana
753 2963 912 3015 civitas]
953 2963 1154 3015 Spartani
1192 2963 1299 3003 adeo

418 3031 687 3081 voluptatum
707 3034 994 3068 contemtores
1011 3026 1201 3078 fuerunt,
1229 3041 1300 3079 pa·

419 3093 666 3145 tientesque
700 3091 876 3141 laboris,
905 3095 952 3130 ut
983 3102 1128 3129 eorum
1168 3091 1300 3130 etiam

417 3155 654 3207 virginibus
691 3155 911 3206 palaestra,
941 3153 1096 3204 pulvis,
1129 3153 1298 3205 militia,

417 3218 592 3258 venatio
611 3219 654 3257 in
675 3217 830 3257 studiis
849 3215 996 3256 fuerit.

471 3281 490 3308 b
517 3283 694 3335 Lycurgi
729 3281 899 3333 legibus]
928 3282 1044 3324 Quas
1078 3284 1221 3320 tamen
1252 3286 1298 3320 et

419 3351 552 3386 rectae
576 3346 749 3395 rationi,
776 3350 822 3386 et
854 3344 975 3384 bonis
1002 3343 1188 3384 moribus
1223 3343 1297 3382 ad-

383 3456 391 3462 ,
417 3409 580 3448 versari
598 3409 641 3447 in
659 3408 725 3448 his
744 3408 1010 3460 potissimum
1030 3406 1196 3446 duobus
1213 3410 1298 3445 tra-

419 3472 485 3512 dit
518 3470 804 3521 Aristoteles-;
833 3471 963 3524 quod,
1007 3474 1052 3510 et
1087 3469 1300 3510 adulteria

418 3546 598 3587 quorum
631 3535 807 3576 maritus
838 3535 930 3587 ipse
961 3538 1213 3588 procurator
1236 3544 1300 3573 es·

1368 2969 1449 3015 set,
1470 2970 1513 3005 et
1533 2964 1647 3006 furta
1666 2978 1761 3019 quae
1782 2965 1939 3006 callide
1957 2965 2130 3016 fierent,
2149 2977 2246 3017 pro-

1368 3029 1588 3071 barentur.

1420 3097 1439 3118 ‘²
1463 3091 1737 3144 Aliquamdiu]
1766 3093 1854 3133 Soli
1875 3097 1966 3133 toto
1987 3092 2091 3132 orbe
2112 3097 2248 3131 terra-

1368 3166 1460 3193 rum
1482 3156 1776 3207 septingentos
1798 3168 1945 3207 annos,
1974 3161 2020 3194 et
2045 3154 2243 3205 amplius,

1367 3219 1452 3257 suis
1472 3219 1673 3268 moribus,
1701 3225 1746 3259 et
1763 3230 1975 3270 nunquam
1995 3217 2170 3256 mutatis
2189 3218 2246 3256 le·

1367 3281 1489 3332 gibus
1511 3281 1724 3322 vixerunt.
1780 3282 1932 3321 Cicero
1952 3292 2028 3331 pro
2047 3280 2218 3319 Flacco.

1420 3342 1439 3368 ‘¹
1468 3343 1603 3394 Ionas]
1633 3343 1701 3382 Ab
1735 3343 1841 3382 Ione
1883 3342 2022 3382 Xuthi
2057 3341 2146 3381 filio
2184 3342 2246 3381 sic

1368 3405 1572 3444 nominati
1592 3409 1716 3454 sunt;
1737 3405 1853 3456 prius
1873 3404 2138 3456 AEgialenses
2157 3403 2246 3444 dic·

1369 3468 1429 3517 ti;
1458 3480 1510 3507 ex
1547 3467 1710 3508 Achaia
1748 3467 1800 3507 ab
1839 3467 2080 3508 Heraclidis
2119 3467 2242 3518 pulsi,

1369 3533 1547 3584 primum
1586 3532 1630 3572 in
1667 3530 1855 3572 Atticam
1893 3530 1971 3571 sub
2005 3530 2242 3579 Melantho,
