2346 3952
366 289 444 341 42-

1018 301 1098 340 DE
1137 301 1538 340 ROMANORUM

392 510 780 567 CORNELII
820 509 1472 576 MALUGINENSES,
1520 513 1763 579 COSSI,
1799 514 2159 568 ARVINAE.

419 674 451 703 1.
469 663 571 703 SER.
585 664 845 704 Commmus
867 665 1237 716 MALUGmENSss,

369 725 528 765 Consul
552 739 661 766 anno
679 731 772 766 268.
794 727 897 766 duos
923 727 1110 779 suscepit
1129 727 1238 767 filios

366 800 416 829 11.
446 790 620 829 Lucium
650 795 696 829 et
715 791 935 830 Marcum:
974 790 1047 830 ille
1082 791 1240 830 Consul

367 865 477 892 anno
494 856 589 893 294.
622 859 768 892 contra
802 853 979 893 Volscos
1008 866 1095 893 rem
1131 845 1259 894 bene⁴

366 915 514 968 gessit,
535 916 601 955 hic
620 916 851 955 Decemvir
881 917 923 955 in
954 916 1128 957 exilium
1149 917 1240 968 pul-

366 991 435 1017 sus
467 984 546 1017 est.
596 977 735 1029 Hujus
755 977 865 1017 filius
885 979 1059 1018 Marcus
1082 980 1242 1019 Consul

367 1053 477 1080 anno
507 1043 600 1080 317.
657 1051 728 1079 111.
767 1039 889 1080 Illius
922 1053 1023 1081 vero
1053 1042 1244 1093 Sergius,

366 1109 491 1155 pater
526 1115 592 1143 ιν.
626 1104 787 1154 Publii,
824 1105 894 1157 qui
927 1105 992 1145 bis
1030 1105 1243 1145 Tribunus

365 1166 562 1208 militaris
583 1168 703 1207 annis
722 1172 816 1208 349.
833 1175 877 1208 et
897 1173 993 1210 356.
1013 1169 1118 1209 duos
1138 1168 1244 1208 filios

364 1231 530 1281 habuit,
576 1245 616 1272 v.
668 1232 862 1283 Sergium
921 1238 967 1272 et
1020 1233 1242 1282 Marcum;

365 1299 592 1346 utrumque
610 1294 844 1334 Tribunum
870 1295 1113 1346 militarem,
1127 1296 1244 1335 illum

367 1359 518 1408 octies,
545 1359 657 1398 hunc
679 1360 811 1399 semel
825 1362 954 1412 atque
982 1360 1153 1409 iterum,
1173 1371 1243 1398 an-

366 1423 431 1462 nis
449 1426 542 1464 383.
563 1429 609 1463 et
628 1427 722 1464 386.

419 1498 482 1527 xv.
511 1485 566 1527 A.
588 1487 787 1527 Cornelio
798 1486 1090 1539 Maluginensi
1107 1486 1245 1525 Marci

366 1550 619 1591 Decemviri
647 1563 701 1590 ex
737 1550 826 1591 filio
859 1551 1022 1603 nepoti,
1053 1563 1106 1589 ex
1135 1549 1244 1589 facie

367 1625 522 1665 rugosa
536 1614 659 1654 Cossi
672 1626 907 1665 cognomen
920 1614 1124 1653 adhaesit:
1154 1614 1247 1665 ipse

305 1717 324 1727 t,
370 1689 478 1716 caeso
536 1677 669 1717 Larte
728 1677 953 1716 Tolumnio
995 1676 1248 1715 Veientium

369 1741 503 1793 Rege,
530 1741 638 1781 alter
671 1754 695 1781 a
725 1742 906 1782 Romulo
935 1742 1080 1794 opima
1113 1742 1251 1794 spolia

1308 667 1409 708 Jovi
1459 668 1655 707 Feretrio
1694 667 1818 708 tulit:

1308 733 1400 769 325.
1422 737 1465 769 et
1486 731 1696 780 Magister
1719 730 1918 782 Equitum
1939 729 2065 781 paulo
2087 732 2186 779 post

1309 795 1386 834 sub
1421 797 1652 835 Dictatore
1693 797 1924 835 Mamerco.
1972 806 2012 833 v.
2036 793 2102 831 Ex
2135 803 2186 830 eo

1309 859 1401 898 nati
1418 858 1567 908 Aulus,
1587 859 1782 909 Publius,
1799 864 1844 898 et
1866 857 2022 907 Gneus,
2041 866 2186 895 omnes

1307 922 1483 962 Tribuni
1505 922 1727 973 militares,
1746 922 1853 961 alius
1873 921 1956 960 alio
1977 926 2185 970 tempore.

1309 985 1487 1026 Publius
1528 991 1741 1037 praeterea
1775 984 1977 1024 'Dictator
2006 982 2188 1021 Volscos

1310 1049 1484 1089 cecidit.
1523 1061 1586 1088 vr.
1608 1050 1751 1089 Cneus
1772 1046 1930 1087 Consul
1952 1057 2064 1084 anno
2094 1046 2189 1083 344.

1310 1111 1445 1152 Aulus
1467 1111 1565 1151 Auli
1585 1111 1695 1151 filius
1721 1109 1882 1162 fugatis
1899 1107 2068 1149 Volscis
2087 1106 2189 1146 Dic-

1311 1181 1425 1215 tator
1469 1175 1534 1215 M.
1565 1174 1774 1214 Manlium
1811 1171 2101 1224 Capitolinum
2143 1169 2189 1207 in

1311 1249 1530 1278 carcerem
1564 1237 1723 1289 conjici
1751 1236 1909 1289 jussit;
1948 1245 2035 1274 vn.
2066 1235 2191 1284 duos,

1312 1308 1361 1340 ut
1381 1306 1447 1341 est
1467 1301 1727 1352 conjectura,
1750 1299 1861 1339 filios
1882 1297 2071 1351 reliquit,
2100 1295 2188 1336 Au.

1310 1362 1397 1400 lum
1419 1362 1482 1402 bis
1496 1363 1749 1414 Magistrum
1770 1360 1992 1413 Equitum,
2011 1363 2057 1399 et
2074 1358 2190 1399 Pub-

1312 1424 1410 1464 lium
1432 1425 1532 1465 Auli
1553 1426 1675 1466 Cossi
1694 1424 1864 1465 Arvinae
1885 1429 2065 1476 patrem.
2168 1464 2171 1466 ,
2191 1422 2194 1426 ’

1365 1501 1466 1528 vlu.
1497 1489 1631 1528 Aulus
1663 1489 1818 1528 Cossus
1837 1486 2001 1528 Arvina
2028 1485 2191 1537 Magis·

1314 1552 1427 1591 terio
1462 1553 1665 1604 Equitum
1697 1551 1774 1591 sub
1807 1551 2002 1602 Camillo,
2029 1550 2192 1590 Consu-

1313 1616 1402 1654 latu
1425 1615 1584 1667 duplici
1605 1615 1727 1654 annis
1745 1619 1839 1656 410.
1868 1621 1914 1655 et
1931 1617 2029 1656 421.
2083 1614 2196 1654 Dic-v

1318 1683 1461 1718 tatura
1480 1684 1526 1718 et
1544 1678 1756 1730 triumpho
1772 1678 1825 1718 de
1842 1675 2105 1718 Samnitibus
2117 1688 2191 1716 no-

1317 1741 1430 1783 bilis.
2168 1743 2171 1746 “

849 1916 1239 1971 CORNELII
1280 1918 1718 1972 SCIPIONES.

423 2047 716 2087 Scipiomnus
751 2047 892 2099 pietas
929 2060 1084 2089 nomen
1117 2049 1248 2090 fecit:

370 2110 528 2150 Publio
549 2111 662 2149 enim
693 2111 910 2163 Cornelio,
941 2113 1056 2165 quod
1087 2125 1251 2153 coecum

370 2177 538 2224 patrem
559 2179 750 2225 regeret,
778 2175 993 2226 Scipionis
1014 2187 1251 2227 cognomen

369 2236 549 2275 inditum
567 2242 649 2277 est.
704 2235 773 2276 An
800 2249 854 2277 ex
873 2238 1252 2290 Maluginensium‚

372 2299 657 2339 Cossorumve
688 2299 852 2339 familia
871 2299 1020 2352 fuerit,
1040 2303 1249 2342 incertum

373 2366 466 2400 est:
517 2361 629 2401 illius
663 2364 777 2402 enim
802 2375 883 2403 nec
911 2364 1047 2415 patris
1074 2376 1154 2406 nec
1185 2367 1254 2406 avi

1318 2062 1472 2090 nomen
1503 2049 1727 2102 proditur;
1755 2047 2096 2101 Maluginensem
2131 2053 2195 2088 ta·

1318 2125 1416 2152 men
1435 2111 1568 2152 fuisse
1587 2113 1794 2164 suspicor.
1823 2112 1885 2151 Ut
1901 2111 2196 2151 Corneliorum

1319 2177 1382 2215 ita
1410 2176 1661 2227 Scipionum
1693 2175 1809 2215 varia
1838 2173 2103 2226 cognomina,
2133 2173 2195 2211 di-

1321 2251 1541 2292 versaeque
1558 2238 1726 2279 familiae
1747 2252 1757 2278 ε
1786 2237 1962 2278 fuerunt
1979 2237 2092 2277 enim
2107 2237 2199 2276 Sci-

1320 2303 1469 2353 piones
1484 2302 1645 2353 Asinae,
1662 2299 2082 2354 Hispalli,Africani‚
2100 2299 2197 2340 Asi·
2271 2319 2274 2321 ·

1322 2365 1439 2417 atici,
1461 2370 1507 2405 et
1524 2365 1713 2406 Nasicae.

633 2532 1051 2588 SCIPIONES
1092 2533 1363 2588 ASINAE
1401 2537 1501 2589 ET
1540 2535 1939 2590 HISPALLI.

428 2673 689 2713 SCIPIONUM
706 2679 884 2714 stemma
916 2674 1126 2714 hactenus
1158 2686 1253 2726 per-

330 2792 332 2794 r
375 2736 601 2777 obscurum
631 2751 685 2777 ex
710 2737 830 2779 fastis
858 2738 1078 2778 commode
1098 2739 1160 2778 sic
1181 2751 1254 2778 ex-

375 2799 526 2851 plicari
547 2805 705 2851 potest.
761 2814 793 2841 1.
811 2802 866 2841 P.
887 2802 1104 2853 Cornelio,
1123 2803 1256 2854 quiet

374 2862 588 2913 Magister
619 2863 820 2916 Equitum
853 2863 935 2904 fuit
963 2865 1041 2906 sub
1074 2865 1255 2905 Camillo

374 2939 485 2966 anno
505 2931 599 2967 35⁷.
627 2932 674 2968 et
704 2928 904 2968 Interrex
933 2932 1027 2970 361.
1058 2934 1145 2970 tres
1178 2928 1255 2969 filii

376 2989 468 3030 nati
487 2995 599 3031 sunt.
619 3002 670 3031 11.
691 2991 863 3042 Lucius,
883 2992 1055 3043 Circius,
1071 2997 1117 3033 et
1138 2992 1254 3032 Pub-

375 3055 454 3094 lius
468 3054 710 3107 Scipiones,
721 3066 866 3095 omnes
882 3055 990 3096 dicti
1012 3056 1144 3108 patn's
1159 3067 1255 3107 cog-

376 3118 561 3159 nomine.
617 3118 773 3158 Lucius
803 3118 959 3159 Consul
982 3121 1156 3170 ponitur
1182 3131 1254 3159 an-

378 3193 433 3221 no
451 3185 548 3223 403.
604 3181 786 3222 Publius
807 3181 1022 3234 Magister
1049 3182 1255 3234 Equitum

379 3244 530 3284 eodem
569 3256 694 3286 anno.
749 3245 873 3285 Cneii
902 3245 946 3284 iu
981 3243 1105 3285 fastis
1139 3245 1257 3285 nulla

378 3307 556 3348 mentio.
627 3307 783 3348 Lucius
813 3307 959 3349 liberis
989 3307 1156 3349 caruit:
1202 3320 1256 3347 ex

382 3370 514 3410 Cneio
546 3369 692 3410 Asinae
722 3375 768 3411 et
800 3370 1000 3422 Hispalli,
1028 3381 1083 3409 ex
1100 3369 1256 3409 Publio

380 3431 592 3484 Africani,
612 3433 808 3485 Asiatici,
839 3438 886 3475 et
905 3432 1076 3475 Nasicae
1104 3444 1256 3486 propa-

383 3496 472 3547 gati
489 3501 600 3536 sunt.

1378 2676 1535 2716 Cneius
1569 2676 1679 2715 enim
1710 2675 1853 2726 Scipio
1889 2685 1958 2714 ιιι.
1982 2685 2035 2713 ex
2065 2672 2197 2713 Lucio

1322 2738 1409 2778 filio
1429 2739 1536 2779 duos
1555 2743 1735 2790 nepotes
1754 2737 1916 2787 habuit,
1930 2748 1993 2776 lv.
2018 2736 2197 2775 Cneium

1322 2801 1500 2842 Asinam
1533 2806 1579 2842 et
1608 2802 1657 2843 Ι..
1676 2801 1935 2852 Scipionem.
2003 2799 2199 2850 Uterque

1325 2865 1482 2904 Consul
1500 2863 1607 2914 fuit3
1639 2864 1712 2903 ille
1729 2863 1791 2902 bis
1810 2874 1918 2902 anno
1933 2864 2030 2902 493.
2050 2863 2199 2902 et499.

1322 2927 1390 2967 hic
1412 2927 1541 2967 semel
1561 2939 1670 2966 anno
1687 2928 1782 2966 494.
1827 2927 2022 2978 Uterque
2051 2925 2199 2965 trium-

1323 2991 1408 3043 pho
1428 2991 1482 3030 de
1514 2990 1661 3030 Poenis
1690 2990 1841 3030 clarus.
1897 3000 1944 3030 v-
1967 2987 2073 3030 Cnei
2104 2986 2199 3028 Asi-

1323 3068 1392 3096 nae
1427 3054 1541 3095 filius
1560 3055 1614 3096 P.
1635 3053 1767 3094 Asina
1797 3052 1957 3094 Consul
1977 3063 2088 3092 anuo
2105 3054 2201 3092 532.

1323 3118 1378 3158 de
1413 3118 1539 3158 Istris
1576 3117 1873 3169 triumphavit.
1943 3116 2066 3158 Lucii
2097 3127 2200 3155 vero

1323 3193 1536 3233 pronepos
1570 3181 1648 3221 Cn.
1667 3180 1812 3231 Scipio
1834 3179 2056 3231 Hispallus
2089 3179 2197 3219 Con-

1323 3246 1387 3285 sul
1406 3257 1518 3285 anno
1539 3247 1633 3284 577.
1669 3243 1793 3293 obiit,
1825 3254 1882 3282 ex
1912 3254 2049 3295 eoque
2073 3248 2195 3283 natus

1324 3308 1374 3348 C.
1389 3307 1535 3359 Scipio
1566 3305 1786 3357 Hispallus
1813 3317 1925 3345 anno
1953 3308 2048 3347 614.
2075 3300 2194 3339 1³¹·ae-

1326 3376 1395 3411 tor
1431 3368 1680 3420 peregrinus
1720 3368 1942 3410 Chaldaeos
1983 3363 2082 3410 urbe
2120 3375 2194 3404 ex·

1358 3432 1450 3472 ulit.

1326 3446 1353 3485 p
1379 3504 1432 3534 11.
1480 3492 1660 3534 Publius
1698 3493 1822 3545 primi
1840 3488 2050 3542 Scipionis
2082 3488 2195 3530 filius

1875 667 2035 706 Consul
2075 676 2184 704 anno
2218 674 2221 676 ·
2238 658 2242 662 ’
