<?xml version="1.0" encoding="UTF-8"?>
<!DOCTYPE html PUBLIC "-//W3C//DTD XHTML 1.0 Transitional//EN"
    "http://www.w3.org/TR/xhtml1/DTD/xhtml1-transitional.dtd">
<html xmlns="http://www.w3.org/1999/xhtml" xml:lang="en" lang="en">
 <head>
  <title>
</title>
<meta http-equiv="Content-Type" content="text/html;charset=utf-8" />
  <meta name='ocr-system' content='tesseract 3.04.00' />
  <meta name='ocr-capabilities' content='ocr_page ocr_carea ocr_par ocr_line ocrx_word'/>
</head>
<body>
  <div class='ocr_page' id='page_1' title='image "./factorumdictorum01valeuoft_0114.png"; bbox 0 0 2294 3990; ppageno 0'>
   <div class='ocr_carea' id='block_1_1' title="bbox 390 286 494 340">
    <p class='ocr_par' dir='ltr' id='par_1_1' title="bbox 390 286 494 340">
     <span class='ocr_line' id='line_1_1' title="bbox 390 286 494 340; baseline -0.019 0"><span class='ocrx_word' id='word_1_1' title='bbox 390 286 494 340; x_wconf 88' lang='grc'><strong>100</strong></span> 
     </span>
    </p>
   </div>
   <div class='ocr_carea' id='block_1_2' title="bbox 389 416 1259 536">
    <p class='ocr_par' dir='ltr' id='par_1_2' title="bbox 389 416 1259 536">
     <span class='ocr_line' id='line_1_2' title="bbox 390 416 1259 468; baseline -0.006 -8"><span class='ocrx_word' id='word_1_2' title='bbox 390 420 486 461; x_wconf 81' lang='lat' dir='ltr'><strong>silio</strong></span> <span class='ocrx_word' id='word_1_3' title='bbox 506 419 739 459; x_wconf 80' lang='lat' dir='ltr'><strong>instituisse</strong></span> <span class='ocrx_word' id='word_1_4' title='bbox 758 416 908 468; x_wconf 84' lang='lat' dir='ltr'><strong>fertur,</strong></span> <span class='ocrx_word' id='word_1_5' title='bbox 930 420 979 456; x_wconf 87' lang='lat' dir='ltr'><strong>ut</strong></span> <span class='ocrx_word' id='word_1_6' title='bbox 997 428 1091 456; x_wconf 87' lang='lat' dir='ltr'><strong>cum</strong></span> <span class='ocrx_word' id='word_1_7' title='bbox 1110 416 1259 467; x_wconf 79' lang='lat' dir='ltr'>Legati</span> 
     </span>
     <span class='ocr_line' id='line_1_3' title="bbox 389 478 1259 536; baseline -0.007 -12"><span class='ocrx_word' id='word_1_8' title='bbox 389 484 539 536; x_wconf 88' lang='lat' dir='ltr'><strong>ipsius,</strong></span> <span class='ocrx_word' id='word_1_9' title='bbox 553 488 642 522; x_wconf 91' lang='lat' dir='ltr'><strong>tum</strong></span> <span class='ocrx_word' id='word_1_10' title='bbox 657 480 823 522; x_wconf 86' lang='lat' dir='ltr'><strong>nomine</strong></span> <span class='ocrx_word' id='word_1_11' title='bbox 840 484 929 520; x_wconf 90' lang='lat' dir='ltr'><strong>tum</strong></span> <span class='ocrx_word' id='word_1_12' title='bbox 945 478 1157 531; x_wconf 81' lang='lat' dir='ltr'>auspiciis,</span> <span class='ocrx_word' id='word_1_13' title='bbox 1169 491 1259 519; x_wconf 89' lang='lat' dir='ltr'><strong>rem</strong></span> 
     </span>
    </p>
   </div>
   <div class='ocr_carea' id='block_1_3' title="bbox 1040 296 1560 338">
    <p class='ocr_par' dir='ltr' id='par_1_3' title="bbox 1040 296 1560 338">
     <span class='ocr_line' id='line_1_4' title="bbox 1040 296 1560 338; baseline -0.002 -3"><span class='ocrx_word' id='word_1_14' title='bbox 1040 298 1119 336; x_wconf 83' lang='lat' dir='ltr'><strong>DE</strong></span> <span class='ocrx_word' id='word_1_15' title='bbox 1160 296 1560 338; x_wconf 85' lang='lat' dir='ltr'><strong>ROMANORUM</strong></span> 
     </span>
    </p>
   </div>
   <div class='ocr_carea' id='block_1_4' title="bbox 1324 415 2200 531">
    <p class='ocr_par' dir='ltr' id='par_1_4' title="bbox 1324 415 2200 531">
     <span class='ocr_line' id='line_1_5' title="bbox 1326 415 2200 471; baseline 0.006 -16"><span class='ocrx_word' id='word_1_16' title='bbox 1326 420 1540 467; x_wconf 82' lang='lat' dir='ltr'><strong>gererent,</strong></span> <span class='ocrx_word' id='word_1_17' title='bbox 1562 416 1633 467; x_wconf 77' lang='lat' dir='ltr'><strong>Jus</strong></span> <span class='ocrx_word' id='word_1_18' title='bbox 1660 426 1782 456; x_wconf 89' lang='lat' dir='ltr'><strong>omne</strong></span> <span class='ocrx_word' id='word_1_19' title='bbox 1802 415 2005 469; x_wconf 86' lang='lat' dir='ltr'><strong>triumphi</strong></span> <span class='ocrx_word' id='word_1_20' title='bbox 2023 417 2104 471; x_wconf 84' lang='lat' dir='ltr'><strong>ipsi</strong></span> <span class='ocrx_word' id='word_1_21' title='bbox 2123 419 2200 460; x_wconf 85' lang='lat' dir='ltr'><strong>tri-</strong></span> 
     </span>
     <span class='ocr_line' id='line_1_6' title="bbox 1324 479 1967 531; baseline 0 -11"><span class='ocrx_word' id='word_1_22' title='bbox 1324 479 1544 531; x_wconf 89' lang='lat' dir='ltr'><strong>bueretur,</strong></span> <span class='ocrx_word' id='word_1_23' title='bbox 1571 483 1779 531; x_wconf 83' lang='lat' dir='ltr'><strong>praeterea</strong></span> <span class='ocrx_word' id='word_1_24' title='bbox 1796 480 1967 520; x_wconf 87' lang='lat' dir='ltr'><strong>nemini.</strong></span> 
     </span>
    </p>
   </div>
   <div class='ocr_carea' id='block_1_5' title="bbox 955 629 1646 687">
    <p class='ocr_par' dir='ltr' id='par_1_5' title="bbox 955 629 1646 687">
     <span class='ocr_line' id='line_1_7' title="bbox 955 629 1646 687; baseline -0.006 0"><span class='ocrx_word' id='word_1_25' title='bbox 955 633 1063 687; x_wconf 92' lang='lat' dir='ltr'><strong>DE</strong></span> <span class='ocrx_word' id='word_1_26' title='bbox 1099 629 1646 686; x_wconf 88' lang='lat' dir='ltr'><strong>IMPERATORE.</strong></span> 
     </span>
    </p>
   </div>
   <div class='ocr_carea' id='block_1_6' title="bbox 375 759 1258 1956">
    <p class='ocr_par' dir='ltr' id='par_1_6' title="bbox 375 759 1258 1956">
     <span class='ocr_line' id='line_1_8' title="bbox 442 759 1258 813; baseline -0.007 -9"><span class='ocrx_word' id='word_1_27' title='bbox 442 763 652 804; x_wconf 74' lang='lat' dir='ltr'><strong>Tnn’mx</strong></span> <span class='ocrx_word' id='word_1_28' title='bbox 673 760 785 813; x_wconf 90' lang='lat' dir='ltr'><strong>apud</strong></span> <span class='ocrx_word' id='word_1_29' title='bbox 808 761 1020 801; x_wconf 88' lang='lat' dir='ltr'><strong>Romanos</strong></span> <span class='ocrx_word' id='word_1_30' title='bbox 1046 759 1167 812; x_wconf 85' lang='lat' dir='ltr'><strong>hujus</strong></span> <span class='ocrx_word' id='word_1_31' title='bbox 1187 771 1258 799; x_wconf 86' lang='lat' dir='ltr'><strong>vo-</strong></span> 
     </span>
     <span class='ocr_line' id='line_1_9' title="bbox 389 822 1258 876; baseline -0.005 -10"><span class='ocrx_word' id='word_1_32' title='bbox 389 825 452 866; x_wconf 83' lang='lat' dir='ltr'><strong>cis</strong></span> <span class='ocrx_word' id='word_1_33' title='bbox 471 825 666 876; x_wconf 82' lang='lat' dir='ltr'><strong>acceptio</strong></span> <span class='ocrx_word' id='word_1_34' title='bbox 687 823 794 872; x_wconf 89' lang='lat' dir='ltr'><strong>fuit;</strong></span> <span class='ocrx_word' id='word_1_35' title='bbox 821 835 920 874; x_wconf 90' lang='lat' dir='ltr'><strong>una,</strong></span> <span class='ocrx_word' id='word_1_36' title='bbox 946 835 1029 875; x_wconf 88' lang='lat' dir='ltr'><strong>qua</strong></span> <span class='ocrx_word' id='word_1_37' title='bbox 1048 823 1083 862; x_wconf 88' lang='lat' dir='ltr'><strong>is</strong></span> <span class='ocrx_word' id='word_1_38' title='bbox 1101 822 1258 862; x_wconf 91' lang='lat' dir='ltr'><strong>intelli-</strong></span> 
     </span>
     <span class='ocr_line' id='line_1_10' title="bbox 388 885 1257 940; baseline -0.002 -13"><span class='ocrx_word' id='word_1_39' title='bbox 388 889 514 940; x_wconf 84' lang='lat' dir='ltr'>gitur,</span> <span class='ocrx_word' id='word_1_40' title='bbox 527 889 593 927; x_wconf 86' lang='lat' dir='ltr'><strong>cui</strong></span> <span class='ocrx_word' id='word_1_41' title='bbox 606 887 676 937; x_wconf 78' lang='lat' dir='ltr'><strong>jus</strong></span> <span class='ocrx_word' id='word_1_42' title='bbox 691 886 837 926; x_wconf 90' lang='lat' dir='ltr'><strong>datum</strong></span> <span class='ocrx_word' id='word_1_43' title='bbox 858 885 1042 939; x_wconf 89' lang='lat' dir='ltr'><strong>propriis</strong></span> <span class='ocrx_word' id='word_1_44' title='bbox 1058 885 1257 937; x_wconf 86' lang='lat' dir='ltr'><strong>auspiciis</strong></span> 
     </span>
     <span class='ocr_line' id='line_1_11' title="bbox 387 946 1257 1001; baseline -0.003 -11"><span class='ocrx_word' id='word_1_45' title='bbox 387 950 487 990; x_wconf 91' lang='lat' dir='ltr'><strong>belli</strong></span> <span class='ocrx_word' id='word_1_46' title='bbox 507 949 702 1000; x_wconf 85' lang='lat' dir='ltr'><strong>gerendi:</strong></span> <span class='ocrx_word' id='word_1_47' title='bbox 731 950 883 1000; x_wconf 89' lang='lat' dir='ltr'><strong>altera,</strong></span> <span class='ocrx_word' id='word_1_48' title='bbox 902 961 985 1001; x_wconf 89' lang='lat' dir='ltr'><strong>qua</strong></span> <span class='ocrx_word' id='word_1_49' title='bbox 1003 950 1098 1001; x_wconf 86' lang='lat' dir='ltr'><strong>quis</strong></span> <span class='ocrx_word' id='word_1_50' title='bbox 1118 946 1257 1000; x_wconf 81' lang='lat' dir='ltr'><strong>profli-</strong></span> 
     </span>
     <span class='ocr_line' id='line_1_12' title="bbox 385 1011 1257 1064; baseline -0.001 -13"><span class='ocrx_word' id='word_1_51' title='bbox 385 1013 493 1063; x_wconf 78' lang='lat' dir='ltr'><strong>gatis</strong></span> <span class='ocrx_word' id='word_1_52' title='bbox 512 1024 665 1062; x_wconf 87' lang='lat' dir='ltr'><strong>magno</strong></span> <span class='ocrx_word' id='word_1_53' title='bbox 685 1012 835 1064; x_wconf 85' lang='lat' dir='ltr'><strong>praelio</strong></span> <span class='ocrx_word' id='word_1_54' title='bbox 856 1012 1047 1052; x_wconf 80' lang='lat' dir='ltr'><strong>hostibus</strong></span> <span class='ocrx_word' id='word_1_55' title='bbox 1066 1011 1257 1063; x_wconf 87' lang='lat' dir='ltr'><strong>Impera-</strong></span> 
     </span>
     <span class='ocr_line' id='line_1_13' title="bbox 385 1073 1258 1127; baseline -0.001 -12"><span class='ocrx_word' id='word_1_56' title='bbox 385 1080 454 1115; x_wconf 85' lang='lat' dir='ltr'><strong>tor</strong></span> <span class='ocrx_word' id='word_1_57' title='bbox 473 1087 498 1114; x_wconf 90' lang='lat' dir='ltr'><strong>a</strong></span> <span class='ocrx_word' id='word_1_58' title='bbox 515 1075 717 1115; x_wconf 87' lang='lat' dir='ltr'><strong>militibus</strong></span> <span class='ocrx_word' id='word_1_59' title='bbox 750 1076 1062 1127; x_wconf 79' lang='lat' dir='ltr'><strong>appellabatur.</strong></span> <span class='ocrx_word' id='word_1_60' title='bbox 1114 1073 1258 1114; x_wconf 86' lang='lat' dir='ltr'><strong>Tertia</strong></span> 
     </span>
     <span class='ocr_line' id='line_1_14' title="bbox 383 1137 1256 1191; baseline 0 -13"><span class='ocrx_word' id='word_1_61' title='bbox 383 1137 594 1189; x_wconf 87' lang='lat' dir='ltr'><strong>Augustis</strong></span> <span class='ocrx_word' id='word_1_62' title='bbox 608 1145 652 1179; x_wconf 94' lang='lat' dir='ltr'><strong>et</strong></span> <span class='ocrx_word' id='word_1_63' title='bbox 667 1139 907 1179; x_wconf 83' lang='lat' dir='ltr'><strong>Caesaribus</strong></span> <span class='ocrx_word' id='word_1_64' title='bbox 927 1138 1166 1191; x_wconf 86' lang='lat' dir='ltr'><strong>singularis,</strong></span> <span class='ocrx_word' id='word_1_65' title='bbox 1185 1150 1256 1189; x_wconf 91' lang='lat' dir='ltr'><strong>pe-</strong></span> 
     </span>
     <span class='ocr_line' id='line_1_15' title="bbox 383 1200 1256 1253; baseline -0.002 -12"><span class='ocrx_word' id='word_1_66' title='bbox 383 1213 460 1241; x_wconf 91' lang='lat' dir='ltr'><strong>nes</strong></span> <span class='ocrx_word' id='word_1_67' title='bbox 493 1214 597 1253; x_wconf 89' lang='lat' dir='ltr'><strong>quos</strong></span> <span class='ocrx_word' id='word_1_68' title='bbox 632 1213 780 1241; x_wconf 90' lang='lat' dir='ltr'><strong>eversa</strong></span> <span class='ocrx_word' id='word_1_69' title='bbox 814 1201 1053 1253; x_wconf 87' lang='lat' dir='ltr'><strong>Republica</strong></span> <span class='ocrx_word' id='word_1_70' title='bbox 1086 1200 1256 1252; x_wconf 89' lang='lat' dir='ltr'><strong>imperii</strong></span> 
     </span>
     <span class='ocr_line' id='line_1_16' title="bbox 384 1264 1254 1304; baseline 0 -1"><span class='ocrx_word' id='word_1_71' title='bbox 384 1275 545 1304; x_wconf 86' lang='lat' dir='ltr'><strong>summa</strong></span> <span class='ocrx_word' id='word_1_72' title='bbox 564 1264 674 1304; x_wconf 85' lang='lat' dir='ltr'><strong>fuit:</strong></span> <span class='ocrx_word' id='word_1_73' title='bbox 703 1264 779 1303; x_wconf 85' lang='lat' dir='ltr'><strong>sed</strong></span> <span class='ocrx_word' id='word_1_74' title='bbox 812 1265 905 1304; x_wconf 86' lang='lat' dir='ltr'><strong>haec</strong></span> <span class='ocrx_word' id='word_1_75' title='bbox 936 1264 1041 1304; x_wconf 87' lang='lat' dir='ltr'><strong>nihil</strong></span> <span class='ocrx_word' id='word_1_76' title='bbox 1073 1265 1125 1304; x_wconf 89' lang='lat' dir='ltr'><strong>ad</strong></span> <span class='ocrx_word' id='word_1_77' title='bbox 1152 1276 1254 1304; x_wconf 89' lang='lat' dir='ltr'><strong>nos:</strong></span> 
     </span>
     <span class='ocr_line' id='line_1_17' title="bbox 382 1326 1257 1379; baseline 0.001 -13"><span class='ocrx_word' id='word_1_78' title='bbox 382 1326 437 1366; x_wconf 91' lang='lat' dir='ltr'><strong>de</strong></span> <span class='ocrx_word' id='word_1_79' title='bbox 455 1327 546 1367; x_wconf 87' lang='lat' dir='ltr'><strong>aliis</strong></span> <span class='ocrx_word' id='word_1_80' title='bbox 564 1327 766 1368; x_wconf 87' lang='lat' dir='ltr'><strong>breviter.</strong></span> <span class='ocrx_word' id='word_1_81' title='bbox 802 1327 874 1367; x_wconf 90' lang='lat' dir='ltr'><strong>Illi</strong></span> <span class='ocrx_word' id='word_1_82' title='bbox 892 1331 1057 1367; x_wconf 83' lang='lat' dir='ltr'><strong>tantum</strong></span> <span class='ocrx_word' id='word_1_83' title='bbox 1074 1328 1257 1379; x_wconf 88' lang='lat' dir='ltr'><strong>propriis</strong></span> 
     </span>
     <span class='ocr_line' id='line_1_18' title="bbox 381 1390 1258 1444; baseline 0 -13"><span class='ocrx_word' id='word_1_84' title='bbox 381 1391 584 1443; x_wconf 77' lang='lat' dir='ltr'><strong>auspiciis</strong></span> <span class='ocrx_word' id='word_1_85' title='bbox 603 1392 759 1431; x_wconf 89' lang='lat' dir='ltr'><strong>bellum</strong></span> <span class='ocrx_word' id='word_1_86' title='bbox 779 1402 927 1443; x_wconf 83' lang='lat' dir='ltr'><strong>gerere</strong></span> <span class='ocrx_word' id='word_1_87' title='bbox 946 1390 1012 1432; x_wconf 85' lang='lat' dir='ltr'><strong>fas</strong></span> <span class='ocrx_word' id='word_1_88' title='bbox 1042 1398 1152 1441; x_wconf 89' lang='lat' dir='ltr'><strong>erat,</strong></span> <span class='ocrx_word' id='word_1_89' title='bbox 1185 1391 1258 1444; x_wconf 91' lang='lat' dir='ltr'><strong>qui</strong></span> 
     </span>
     <span class='ocr_line' id='line_1_19' title="bbox 382 1454 1257 1507; baseline 0 -12"><span class='ocrx_word' id='word_1_90' title='bbox 382 1459 457 1495; x_wconf 86' lang='lat' dir='ltr'><strong>aut</strong></span> <span class='ocrx_word' id='word_1_91' title='bbox 473 1454 630 1494; x_wconf 84' lang='lat' dir='ltr'><strong>Consul</strong></span> <span class='ocrx_word' id='word_1_92' title='bbox 645 1460 773 1506; x_wconf 88' lang='lat' dir='ltr'><strong>esset,</strong></span> <span class='ocrx_word' id='word_1_93' title='bbox 783 1460 855 1494; x_wconf 89' lang='lat' dir='ltr'><strong>aut</strong></span> <span class='ocrx_word' id='word_1_94' title='bbox 870 1455 1053 1507; x_wconf 86' lang='lat' dir='ltr'><strong>Praetor,</strong></span> <span class='ocrx_word' id='word_1_95' title='bbox 1068 1461 1142 1495; x_wconf 90' lang='lat' dir='ltr'><strong>aut</strong></span> <span class='ocrx_word' id='word_1_96' title='bbox 1156 1456 1257 1495; x_wconf 90' lang='lat' dir='ltr'><strong>Dic-</strong></span> 
     </span>
     <span class='ocr_line' id='line_1_20' title="bbox 381 1519 1256 1571; baseline 0.001 -13"><span class='ocrx_word' id='word_1_97' title='bbox 381 1523 515 1568; x_wconf 87' lang='lat' dir='ltr'><strong>tator,</strong></span> <span class='ocrx_word' id='word_1_98' title='bbox 537 1524 611 1558; x_wconf 92' lang='lat' dir='ltr'><strong>aut</strong></span> <span class='ocrx_word' id='word_1_99' title='bbox 625 1519 880 1569; x_wconf 88' lang='lat' dir='ltr'><strong>Proconsul,</strong></span> <span class='ocrx_word' id='word_1_100' title='bbox 896 1524 970 1559; x_wconf 88' lang='lat' dir='ltr'><strong>aut</strong></span> <span class='ocrx_word' id='word_1_101' title='bbox 985 1519 1256 1571; x_wconf 81' lang='lat' dir='ltr'><strong>Propraetor3</strong></span> 
     </span>
     <span class='ocr_line' id='line_1_21' title="bbox 382 1581 1256 1635; baseline -0.001 -12"><span class='ocrx_word' id='word_1_102' title='bbox 382 1582 466 1633; x_wconf 90' lang='lat' dir='ltr'><strong>cui,</strong></span> <span class='ocrx_word' id='word_1_103' title='bbox 490 1583 525 1622; x_wconf 91' lang='lat' dir='ltr'><strong>si</strong></span> <span class='ocrx_word' id='word_1_104' title='bbox 554 1588 644 1622; x_wconf 89' lang='lat' dir='ltr'><strong>tum</strong></span> <span class='ocrx_word' id='word_1_105' title='bbox 675 1587 770 1622; x_wconf 88' lang='lat' dir='ltr'><strong>erat</strong></span> <span class='ocrx_word' id='word_1_106' title='bbox 799 1581 1094 1635; x_wconf 81' lang='lat' dir='ltr'><strong>Magistratus,</strong></span> <span class='ocrx_word' id='word_1_107' title='bbox 1124 1584 1256 1634; x_wconf 89' lang='lat' dir='ltr'><strong>impe-</strong></span> 
     </span>
     <span class='ocr_line' id='line_1_22' title="bbox 380 1643 1256 1697; baseline -0.001 -12"><span class='ocrx_word' id='word_1_108' title='bbox 380 1646 491 1685; x_wconf 88' lang='lat' dir='ltr'><strong>rium</strong></span> <span class='ocrx_word' id='word_1_109' title='bbox 528 1643 805 1685; x_wconf 88' lang='lat' dir='ltr'><strong>deferebatur</strong></span> <span class='ocrx_word' id='word_1_110' title='bbox 838 1645 934 1697; x_wconf 89' lang='lat' dir='ltr'><strong>lege</strong></span> <span class='ocrx_word' id='word_1_111' title='bbox 972 1644 1177 1694; x_wconf 81' lang='lat' dir='ltr'><strong>Curiata3</strong></span> <span class='ocrx_word' id='word_1_112' title='bbox 1221 1645 1256 1684; x_wconf 89' lang='lat' dir='ltr'><strong>si</strong></span> 
     </span>
     <span class='ocr_line' id='line_1_23' title="bbox 381 1707 1257 1761; baseline 0 -14"><span class='ocrx_word' id='word_1_113' title='bbox 381 1708 590 1761; x_wconf 82' lang='lat' dir='ltr'><strong>privatus,</strong></span> <span class='ocrx_word' id='word_1_114' title='bbox 614 1707 863 1748; x_wconf 88' lang='lat' dir='ltr'><strong>Plebiscit0.</strong></span> <span class='ocrx_word' id='word_1_115' title='bbox 919 1707 1005 1747; x_wconf 91' lang='lat' dir='ltr'><strong>Ubi</strong></span> <span class='ocrx_word' id='word_1_116' title='bbox 1035 1707 1257 1759; x_wconf 87' lang='lat' dir='ltr'><strong>imperium</strong></span> 
     </span>
     <span class='ocr_line' id='line_1_24' title="bbox 377 1771 1257 1823; baseline -0.003 -10"><span class='ocrx_word' id='word_1_117' title='bbox 377 1773 549 1823; x_wconf 88' lang='lat' dir='ltr'><strong>inierat,</strong></span> <span class='ocrx_word' id='word_1_118' title='bbox 576 1773 780 1812; x_wconf 87' lang='lat' dir='ltr'><strong>continuo</strong></span> <span class='ocrx_word' id='word_1_119' title='bbox 816 1771 859 1810; x_wconf 91' lang='lat' dir='ltr'><strong>in</strong></span> <span class='ocrx_word' id='word_1_120' title='bbox 898 1771 1111 1822; x_wconf 89' lang='lat' dir='ltr'><strong>Capitolio</strong></span> <span class='ocrx_word' id='word_1_121' title='bbox 1145 1772 1257 1811; x_wconf 86' lang='lat' dir='ltr'><strong>votis</strong></span> 
     </span>
     <span class='ocr_line' id='line_1_25' title="bbox 377 1834 1256 1889; baseline -0.003 -12"><span class='ocrx_word' id='word_1_122' title='bbox 377 1837 638 1889; x_wconf 89' lang='lat' dir='ltr'><strong>nuncupatis</strong></span> <span class='ocrx_word' id='word_1_123' title='bbox 678 1835 880 1888; x_wconf 86' lang='lat' dir='ltr'><strong>factoque</strong></span> <span class='ocrx_word' id='word_1_124' title='bbox 915 1834 1123 1875; x_wconf 87' lang='lat' dir='ltr'><strong>sacrificio</strong></span> <span class='ocrx_word' id='word_1_125' title='bbox 1159 1848 1256 1876; x_wconf 89' lang='lat' dir='ltr'><strong>cum</strong></span> 
     </span>
     <span class='ocr_line' id='line_1_26' title="bbox 375 1899 1256 1956; baseline -0.003 -14"><span class='ocrx_word' id='word_1_126' title='bbox 375 1901 592 1956; x_wconf 84' lang='lat' dir='ltr'><strong>paludatis</strong></span> <span class='ocrx_word' id='word_1_127' title='bbox 600 1899 840 1952; x_wconf 84' lang='lat' dir='ltr'><strong>lictoribus,</strong></span> <span class='ocrx_word' id='word_1_128' title='bbox 852 1900 1078 1952; x_wconf 86' lang='lat' dir='ltr'><strong>paludatus</strong></span> <span class='ocrx_word' id='word_1_129' title='bbox 1088 1906 1134 1939; x_wconf 90' lang='lat' dir='ltr'><strong>et</strong></span> <span class='ocrx_word' id='word_1_130' title='bbox 1147 1900 1158 1940; x_wconf 92' lang='lat' dir='ltr'><strong>i</strong></span> <span class='ocrx_word' id='word_1_131' title='bbox 1165 1911 1256 1953; x_wconf 88' lang='lat' dir='ltr'><strong>pse,</strong></span> 
     </span>
    </p>
   </div>
   <div class='ocr_carea' id='block_1_7' title="bbox 1322 755 2204 1885">
    <p class='ocr_par' dir='ltr' id='par_1_7' title="bbox 1322 755 2204 1885">
     <span class='ocr_line' id='line_1_27' title="bbox 1326 755 2202 809; baseline -0.005 -11"><span class='ocrx_word' id='word_1_132' title='bbox 1326 770 1380 798; x_wconf 89' lang='lat' dir='ltr'><strong>ex</strong></span> <span class='ocrx_word' id='word_1_133' title='bbox 1412 756 1530 798; x_wconf 85' lang='lat' dir='ltr'><strong>Urbe</strong></span> <span class='ocrx_word' id='word_1_134' title='bbox 1563 755 1879 809; x_wconf 80' lang='lat' dir='ltr'><strong>egrediebatur.</strong></span> <span class='ocrx_word' id='word_1_135' title='bbox 1943 755 2050 795; x_wconf 87' lang='lat' dir='ltr'><strong>Cum</strong></span> <span class='ocrx_word' id='word_1_136' title='bbox 2081 755 2202 806; x_wconf 86' lang='lat' dir='ltr'><strong>nihil,</strong></span> 
     </span>
     <span class='ocr_line' id='line_1_28' title="bbox 1324 817 2200 871; baseline -0.005 -10"><span class='ocrx_word' id='word_1_137' title='bbox 1324 826 1398 862; x_wconf 80' lang='lat' dir='ltr'><strong>aut</strong></span> <span class='ocrx_word' id='word_1_138' title='bbox 1416 821 1530 861; x_wconf 88' lang='lat' dir='ltr'><strong>domi</strong></span> <span class='ocrx_word' id='word_1_139' title='bbox 1553 825 1626 860; x_wconf 88' lang='lat' dir='ltr'><strong>aut</strong></span> <span class='ocrx_word' id='word_1_140' title='bbox 1644 820 1824 870; x_wconf 78' lang='lat' dir='ltr'><strong>militiae,</strong></span> <span class='ocrx_word' id='word_1_141' title='bbox 1843 818 2107 871; x_wconf 87' lang='lat' dir='ltr'><strong>inauspicato</strong></span> <span class='ocrx_word' id='word_1_142' title='bbox 2125 817 2200 857; x_wconf 82' lang='lat' dir='ltr'><strong>fie-</strong></span> 
     </span>
     <span class='ocr_line' id='line_1_29' title="bbox 1326 879 2201 935; baseline -0.005 -12"><span class='ocrx_word' id='word_1_143' title='bbox 1326 889 1409 934; x_wconf 87' lang='lat' dir='ltr'><strong>ret,</strong></span> <span class='ocrx_word' id='word_1_144' title='bbox 1450 882 1640 935; x_wconf 89' lang='lat' dir='ltr'><strong>auspicia</strong></span> <span class='ocrx_word' id='word_1_145' title='bbox 1670 882 1713 920; x_wconf 92' lang='lat' dir='ltr'><strong>in</strong></span> <span class='ocrx_word' id='word_1_146' title='bbox 1746 881 1943 921; x_wconf 82' lang='lat' dir='ltr'><strong>exercitu</strong></span> <span class='ocrx_word' id='word_1_147' title='bbox 1971 880 2095 920; x_wconf 88' lang='lat' dir='ltr'><strong>unius</strong></span> <span class='ocrx_word' id='word_1_148' title='bbox 2134 879 2201 919; x_wconf 81' lang='lat' dir='ltr'><strong>fu-</strong></span> 
     </span>
     <span class='ocr_line' id='line_1_30' title="bbox 1325 943 2200 997; baseline -0.005 -11"><span class='ocrx_word' id='word_1_149' title='bbox 1325 951 1452 986; x_wconf 89' lang='lat' dir='ltr'><strong>erunt</strong></span> <span class='ocrx_word' id='word_1_150' title='bbox 1470 945 1774 997; x_wconf 84' lang='lat' dir='ltr'><strong>Imperatoris;</strong></span> <span class='ocrx_word' id='word_1_151' title='bbox 1794 955 1924 996; x_wconf 88' lang='lat' dir='ltr'><strong>quare</strong></span> <span class='ocrx_word' id='word_1_152' title='bbox 1943 944 2017 983; x_wconf 88' lang='lat' dir='ltr'><strong>alii</strong></span> <span class='ocrx_word' id='word_1_153' title='bbox 2036 943 2200 995; x_wconf 89' lang='lat' dir='ltr'><strong>alienis,</strong></span> 
     </span>
     <span class='ocr_line' id='line_1_31' title="bbox 1323 1007 2199 1060; baseline -0.002 -11"><span class='ocrx_word' id='word_1_154' title='bbox 1323 1010 1396 1050; x_wconf 91' lang='lat' dir='ltr'><strong>ille</strong></span> <span class='ocrx_word' id='word_1_155' title='bbox 1413 1009 1498 1049; x_wconf 89' lang='lat' dir='ltr'><strong>suis</strong></span> <span class='ocrx_word' id='word_1_156' title='bbox 1517 1008 1715 1060; x_wconf 86' lang='lat' dir='ltr'><strong>auspiciis</strong></span> <span class='ocrx_word' id='word_1_157' title='bbox 1735 1019 1928 1059; x_wconf 83' lang='lat' dir='ltr'><strong>pugnare</strong></span> <span class='ocrx_word' id='word_1_158' title='bbox 1958 1007 2199 1048; x_wconf 77' lang='lat' dir='ltr'><strong>dicebatur.</strong></span> 
     </span>
     <span class='ocr_line' id='line_1_32' title="bbox 1323 1071 2203 1123; baseline -0.001 -12"><span class='ocrx_word' id='word_1_159' title='bbox 1323 1071 1450 1112; x_wconf 85' lang='lat' dir='ltr'><strong>Unde</strong></span> <span class='ocrx_word' id='word_1_160' title='bbox 1487 1083 1565 1111; x_wconf 89' lang='lat' dir='ltr'><strong>nec</strong></span> <span class='ocrx_word' id='word_1_161' title='bbox 1602 1071 1883 1123; x_wconf 89' lang='lat' dir='ltr'><strong>Imperatoris</strong></span> <span class='ocrx_word' id='word_1_162' title='bbox 1915 1083 2083 1122; x_wconf 89' lang='lat' dir='ltr'><strong>nomen,</strong></span> <span class='ocrx_word' id='word_1_163' title='bbox 2121 1078 2203 1110; x_wconf 78' lang='lat' dir='ltr'><strong>nee</strong></span> 
     </span>
     <span class='ocr_line' id='line_1_33' title="bbox 1325 1133 2204 1185; baseline -0.002 -12"><span class='ocrx_word' id='word_1_164' title='bbox 1325 1133 1597 1185; x_wconf 87' lang='lat' dir='ltr'><strong>supplicatio,</strong></span> <span class='ocrx_word' id='word_1_165' title='bbox 1625 1145 1706 1173; x_wconf 91' lang='lat' dir='ltr'><strong>nec</strong></span> <span class='ocrx_word' id='word_1_166' title='bbox 1726 1133 1980 1185; x_wconf 87' lang='lat' dir='ltr'><strong>triumphus,</strong></span> <span class='ocrx_word' id='word_1_167' title='bbox 1999 1138 2074 1173; x_wconf 88' lang='lat' dir='ltr'><strong>aut</strong></span> <span class='ocrx_word' id='word_1_168' title='bbox 2089 1133 2204 1184; x_wconf 86' lang='lat' dir='ltr'><strong>lega-</strong></span> 
     </span>
     <span class='ocr_line' id='line_1_34' title="bbox 1324 1197 2198 1250; baseline 0 -13"><span class='ocrx_word' id='word_1_169' title='bbox 1324 1203 1369 1237; x_wconf 91' lang='lat' dir='ltr'><strong>to</strong></span> <span class='ocrx_word' id='word_1_170' title='bbox 1397 1204 1471 1237; x_wconf 89' lang='lat' dir='ltr'><strong>aut</strong></span> <span class='ocrx_word' id='word_1_171' title='bbox 1488 1198 1691 1250; x_wconf 85' lang='lat' dir='ltr'><strong>quaestori</strong></span> <span class='ocrx_word' id='word_1_172' title='bbox 1727 1197 1895 1237; x_wconf 83' lang='lat' dir='ltr'><strong>delatus</strong></span> <span class='ocrx_word' id='word_1_173' title='bbox 1915 1208 2098 1250; x_wconf 87' lang='lat' dir='ltr'><strong>unquam</strong></span> <span class='ocrx_word' id='word_1_174' title='bbox 2117 1201 2198 1238; x_wconf 83' lang='lat' dir='ltr'><strong>est.</strong></span> 
     </span>
     <span class='ocr_line' id='line_1_35' title="bbox 1323 1259 2199 1311; baseline -0.001 -11"><span class='ocrx_word' id='word_1_175' title='bbox 1323 1262 1425 1301; x_wconf 90' lang='lat' dir='ltr'><strong>Duo</strong></span> <span class='ocrx_word' id='word_1_176' title='bbox 1451 1271 1550 1299; x_wconf 88' lang='lat' dir='ltr'><strong>vero</strong></span> <span class='ocrx_word' id='word_1_177' title='bbox 1581 1259 1864 1311; x_wconf 87' lang='lat' dir='ltr'><strong>auspiciorum</strong></span> <span class='ocrx_word' id='word_1_178' title='bbox 1894 1271 2050 1311; x_wconf 84' lang='lat' dir='ltr'><strong>genera</strong></span> <span class='ocrx_word' id='word_1_179' title='bbox 2082 1259 2199 1300; x_wconf 86' lang='lat' dir='ltr'><strong>adhi-</strong></span> 
     </span>
     <span class='ocr_line' id='line_1_36' title="bbox 1324 1320 2199 1374; baseline -0.001 -11"><span class='ocrx_word' id='word_1_180' title='bbox 1324 1322 1418 1363; x_wconf 88' lang='lat' dir='ltr'><strong>beri</strong></span> <span class='ocrx_word' id='word_1_181' title='bbox 1432 1334 1521 1362; x_wconf 92' lang='lat' dir='ltr'><strong>mos</strong></span> <span class='ocrx_word' id='word_1_182' title='bbox 1532 1320 1631 1373; x_wconf 85' lang='lat' dir='ltr'><strong>fuit,</strong></span> <span class='ocrx_word' id='word_1_183' title='bbox 1647 1334 1773 1362; x_wconf 88' lang='lat' dir='ltr'><strong>unum</strong></span> <span class='ocrx_word' id='word_1_184' title='bbox 1793 1327 2006 1373; x_wconf 86' lang='lat' dir='ltr'><strong>coactum,</strong></span> <span class='ocrx_word' id='word_1_185' title='bbox 2021 1322 2100 1363; x_wconf 90' lang='lat' dir='ltr'><strong>hoc</strong></span> <span class='ocrx_word' id='word_1_186' title='bbox 2117 1328 2199 1374; x_wconf 87' lang='lat' dir='ltr'><strong>est,</strong></span> 
     </span>
     <span class='ocr_line' id='line_1_37' title="bbox 1325 1384 2200 1437; baseline 0 -11"><span class='ocrx_word' id='word_1_187' title='bbox 1325 1385 1574 1437; x_wconf 87' lang='lat' dir='ltr'><strong>tripudium,</strong></span> <span class='ocrx_word' id='word_1_188' title='bbox 1610 1386 1793 1425; x_wconf 85' lang='lat' dir='ltr'><strong>alterum</strong></span> <span class='ocrx_word' id='word_1_189' title='bbox 1831 1397 1886 1426; x_wconf 81' lang='lat' dir='ltr'><strong>ex</strong></span> <span class='ocrx_word' id='word_1_190' title='bbox 1922 1384 2200 1426; x_wconf 82' lang='lat' dir='ltr'><strong>acuminibus.</strong></span> 
     </span>
     <span class='ocr_line' id='line_1_38' title="bbox 1325 1448 2200 1500; baseline 0 -12"><span class='ocrx_word' id='word_1_191' title='bbox 1325 1448 1431 1488; x_wconf 87' lang='lat' dir='ltr'><strong>Cum</strong></span> <span class='ocrx_word' id='word_1_192' title='bbox 1452 1460 1554 1488; x_wconf 86' lang='lat' dir='ltr'><strong>vero</strong></span> <span class='ocrx_word' id='word_1_193' title='bbox 1572 1460 1727 1500; x_wconf 85' lang='lat' dir='ltr'><strong>magno</strong></span> <span class='ocrx_word' id='word_1_194' title='bbox 1754 1448 1916 1500; x_wconf 72' lang='lat' dir='ltr'><strong>praelio,</strong></span> <span class='ocrx_word' id='word_1_195' title='bbox 1945 1448 2011 1487; x_wconf 86' lang='lat' dir='ltr'><strong>vel</strong></span> <span class='ocrx_word' id='word_1_196' title='bbox 2039 1459 2117 1500; x_wconf 90' lang='lat' dir='ltr'><strong>per</strong></span> <span class='ocrx_word' id='word_1_197' title='bbox 2134 1460 2200 1499; x_wconf 87' lang='lat' dir='ltr'><strong>se,</strong></span> 
     </span>
     <span class='ocr_line' id='line_1_39' title="bbox 1327 1511 2199 1564; baseline 0 -13"><span class='ocrx_word' id='word_1_198' title='bbox 1327 1511 1392 1551; x_wconf 89' lang='lat' dir='ltr'><strong>vel</strong></span> <span class='ocrx_word' id='word_1_199' title='bbox 1418 1523 1494 1563; x_wconf 90' lang='lat' dir='ltr'><strong>per</strong></span> <span class='ocrx_word' id='word_1_200' title='bbox 1520 1512 1700 1564; x_wconf 89' lang='lat' dir='ltr'><strong>legatos,</strong></span> <span class='ocrx_word' id='word_1_201' title='bbox 1729 1513 1874 1553; x_wconf 88' lang='lat' dir='ltr'><strong>hostes</strong></span> <span class='ocrx_word' id='word_1_202' title='bbox 1900 1511 2091 1564; x_wconf 86' lang='lat' dir='ltr'><strong>vicisset,</strong></span> <span class='ocrx_word' id='word_1_203' title='bbox 2108 1517 2199 1552; x_wconf 80' lang='lat' dir='ltr'><strong>tum</strong></span> 
     </span>
     <span class='ocr_line' id='line_1_40' title="bbox 1324 1574 2203 1627; baseline 0 -13"><span class='ocrx_word' id='word_1_204' title='bbox 1324 1574 1605 1626; x_wconf 88' lang='lat' dir='ltr'><strong>Imperatoris</strong></span> <span class='ocrx_word' id='word_1_205' title='bbox 1634 1587 1786 1615; x_wconf 91' lang='lat' dir='ltr'><strong>nomen</strong></span> <span class='ocrx_word' id='word_1_206' title='bbox 1815 1576 1993 1627; x_wconf 88' lang='lat' dir='ltr'><strong>primum</strong></span> <span class='ocrx_word' id='word_1_207' title='bbox 2014 1587 2040 1615; x_wconf 88' lang='lat' dir='ltr'><strong>a</strong></span> <span class='ocrx_word' id='word_1_208' title='bbox 2055 1575 2203 1616; x_wconf 86' lang='lat' dir='ltr'><strong>militi-</strong></span> 
     </span>
     <span class='ocr_line' id='line_1_41' title="bbox 1325 1637 2200 1692; baseline 0.003 -15"><span class='ocrx_word' id='word_1_209' title='bbox 1325 1637 1417 1687; x_wconf 85' lang='lat' dir='ltr'><strong>bus,</strong></span> <span class='ocrx_word' id='word_1_210' title='bbox 1435 1639 1592 1679; x_wconf 91' lang='lat' dir='ltr'><strong>deinde</strong></span> <span class='ocrx_word' id='word_1_211' title='bbox 1610 1652 1634 1679; x_wconf 87' lang='lat' dir='ltr'><strong>a</strong></span> <span class='ocrx_word' id='word_1_212' title='bbox 1649 1640 1809 1680; x_wconf 84' lang='lat' dir='ltr'><strong>Senatu</strong></span> <span class='ocrx_word' id='word_1_213' title='bbox 1828 1641 1887 1680; x_wconf 91' lang='lat' dir='ltr'><strong>illi</strong></span> <span class='ocrx_word' id='word_1_214' title='bbox 1907 1640 1999 1679; x_wconf 89' lang='lat' dir='ltr'><strong>dari</strong></span> <span class='ocrx_word' id='word_1_215' title='bbox 2016 1640 2200 1692; x_wconf 82' lang='lat' dir='ltr'><strong>solebat,</strong></span> 
     </span>
     <span class='ocr_line' id='line_1_42' title="bbox 1325 1704 2201 1756; baseline 0.002 -14"><span class='ocrx_word' id='word_1_216' title='bbox 1325 1708 1369 1742; x_wconf 91' lang='lat' dir='ltr'><strong>et</strong></span> <span class='ocrx_word' id='word_1_217' title='bbox 1387 1708 1487 1743; x_wconf 86' lang='lat' dir='ltr'><strong>ante</strong></span> <span class='ocrx_word' id='word_1_218' title='bbox 1506 1704 1690 1744; x_wconf 89' lang='lat' dir='ltr'><strong>reditum</strong></span> <span class='ocrx_word' id='word_1_219' title='bbox 1717 1704 1894 1744; x_wconf 87' lang='lat' dir='ltr'><strong>decerni</strong></span> <span class='ocrx_word' id='word_1_220' title='bbox 1925 1705 2201 1756; x_wconf 79' lang='lat' dir='ltr'><strong>supplicatio,</strong></span> 
     </span>
     <span class='ocr_line' id='line_1_43' title="bbox 1325 1766 2199 1820; baseline 0.002 -14"><span class='ocrx_word' id='word_1_221' title='bbox 1325 1770 1371 1806; x_wconf 90' lang='lat' dir='ltr'><strong>et</strong></span> <span class='ocrx_word' id='word_1_222' title='bbox 1388 1766 1605 1819; x_wconf 87' lang='lat' dir='ltr'><strong>aliquanto</strong></span> <span class='ocrx_word' id='word_1_223' title='bbox 1626 1772 1737 1818; x_wconf 87' lang='lat' dir='ltr'><strong>post,</strong></span> <span class='ocrx_word' id='word_1_224' title='bbox 1756 1767 1789 1808; x_wconf 89' lang='lat' dir='ltr'><strong>si</strong></span> <span class='ocrx_word' id='word_1_225' title='bbox 1809 1768 1959 1820; x_wconf 84' lang='lat' dir='ltr'><strong>ingens</strong></span> <span class='ocrx_word' id='word_1_226' title='bbox 1976 1773 2092 1808; x_wconf 80' lang='lat' dir='ltr'><strong>esset</strong></span> <span class='ocrx_word' id='word_1_227' title='bbox 2111 1767 2199 1808; x_wconf 55' lang='lat' dir='ltr'><strong>vics</strong></span> 
     </span>
     <span class='ocr_line' id='line_1_44' title="bbox 1322 1831 1719 1885; baseline 0.008 -15"><span class='ocrx_word' id='word_1_228' title='bbox 1322 1831 1446 1885; x_wconf 87' lang='lat' dir='ltr'><strong>toria,</strong></span> <span class='ocrx_word' id='word_1_229' title='bbox 1468 1832 1719 1885; x_wconf 86' lang='lat' dir='ltr'><strong>triumphus.</strong></span> 
     </span>
    </p>
   </div>
   <div class='ocr_carea' id='block_1_8' title="bbox 716 2029 1854 2124">
    <p class='ocr_par' dir='ltr' id='par_1_8' title="bbox 716 2029 1854 2124">
     <span class='ocr_line' id='line_1_45' title="bbox 716 2029 1854 2124; baseline -0.001 -13"><span class='ocrx_word' id='word_1_230' title='bbox 716 2055 907 2124; x_wconf 84' lang='lat' dir='ltr'><strong>QUAE</strong></span> <span class='ocrx_word' id='word_1_231' title='bbox 933 2029 1168 2107; x_wconf 60' lang='lat' dir='ltr'>&#39;ACIEI</span> <span class='ocrx_word' id='word_1_232' title='bbox 1209 2052 1494 2108; x_wconf 82' lang='lat' dir='ltr'><strong>FORMA</strong></span> <span class='ocrx_word' id='word_1_233' title='bbox 1533 2046 1854 2110; x_wconf 76' lang='lat' dir='ltr'><strong>FUERIT.</strong></span> 
     </span>
    </p>
   </div>
   <div class='ocr_carea' id='block_1_9' title="bbox 373 2175 1256 3566">
    <p class='ocr_par' dir='ltr' id='par_1_9' title="bbox 373 2175 1256 3566">
     <span class='ocr_line' id='line_1_46' title="bbox 431 2175 1251 2232; baseline -0.004 -13"><span class='ocrx_word' id='word_1_234' title='bbox 431 2175 538 2232; x_wconf 62' lang='lat' dir='ltr'><strong>Nou</strong></span> <span class='ocrx_word' id='word_1_235' title='bbox 559 2178 633 2218; x_wconf 89' lang='lat' dir='ltr'><strong>abs</strong></span> <span class='ocrx_word' id='word_1_236' title='bbox 654 2190 700 2218; x_wconf 91' lang='lat' dir='ltr'><strong>re</strong></span> <span class='ocrx_word' id='word_1_237' title='bbox 720 2176 866 2229; x_wconf 86' lang='lat' dir='ltr'><strong>fuerit,</strong></span> <span class='ocrx_word' id='word_1_238' title='bbox 893 2178 930 2217; x_wconf 88' lang='lat' dir='ltr'><strong>si</strong></span> <span class='ocrx_word' id='word_1_239' title='bbox 957 2177 1038 2218; x_wconf 90' lang='lat' dir='ltr'><strong>hoc</strong></span> <span class='ocrx_word' id='word_1_240' title='bbox 1066 2176 1111 2217; x_wconf 90' lang='lat' dir='ltr'><strong>in</strong></span> <span class='ocrx_word' id='word_1_241' title='bbox 1140 2177 1251 2228; x_wconf 90' lang='lat' dir='ltr'><strong>loco,</strong></span> 
     </span>
     <span class='ocr_line' id='line_1_47' title="bbox 377 2241 1252 2294; baseline -0.002 -12"><span class='ocrx_word' id='word_1_242' title='bbox 377 2250 462 2294; x_wconf 83' lang='lat' dir='ltr'><strong>quo</strong></span> <span class='ocrx_word' id='word_1_243' title='bbox 482 2242 632 2282; x_wconf 86' lang='lat' dir='ltr'><strong>ordine</strong></span> <span class='ocrx_word' id='word_1_244' title='bbox 646 2243 780 2282; x_wconf 86' lang='lat' dir='ltr'><strong>aciem</strong></span> <span class='ocrx_word' id='word_1_245' title='bbox 795 2241 848 2281; x_wconf 88' lang='lat' dir='ltr'><strong>ad</strong></span> <span class='ocrx_word' id='word_1_246' title='bbox 866 2253 1052 2293; x_wconf 87' lang='lat' dir='ltr'><strong>pugnam</strong></span> <span class='ocrx_word' id='word_1_247' title='bbox 1068 2241 1252 2281; x_wconf 88' lang='lat' dir='ltr'><strong>instrux-</strong></span> 
     </span>
     <span class='ocr_line' id='line_1_48' title="bbox 377 2303 1249 2356; baseline -0.001 -11"><span class='ocrx_word' id='word_1_248' title='bbox 377 2306 492 2345; x_wconf 89' lang='lat' dir='ltr'><strong>erint</strong></span> <span class='ocrx_word' id='word_1_249' title='bbox 519 2305 713 2355; x_wconf 86' lang='lat' dir='ltr'><strong>Romani,</strong></span> <span class='ocrx_word' id='word_1_250' title='bbox 740 2305 888 2356; x_wconf 88' lang='lat' dir='ltr'><strong>paucis</strong></span> <span class='ocrx_word' id='word_1_251' title='bbox 921 2303 1249 2355; x_wconf 82' lang='lat' dir='ltr'><strong>descripserim:</strong></span> 
     </span>
     <span class='ocr_line' id='line_1_49' title="bbox 376 2367 1254 2420; baseline -0.005 -11"><span class='ocrx_word' id='word_1_252' title='bbox 376 2369 421 2409; x_wconf 93' lang='lat' dir='ltr'><strong>id</strong></span> <span class='ocrx_word' id='word_1_253' title='bbox 441 2369 552 2408; x_wconf 89' lang='lat' dir='ltr'><strong>enim</strong></span> <span class='ocrx_word' id='word_1_254' title='bbox 570 2380 832 2420; x_wconf 86' lang='lat' dir='ltr'><strong>cognoscere</strong></span> <span class='ocrx_word' id='word_1_255' title='bbox 852 2367 983 2408; x_wconf 87' lang='lat' dir='ltr'><strong>habet</strong></span> <span class='ocrx_word' id='word_1_256' title='bbox 999 2373 1046 2407; x_wconf 91' lang='lat' dir='ltr'><strong>et</strong></span> <span class='ocrx_word' id='word_1_257' title='bbox 1063 2367 1254 2418; x_wconf 89' lang='lat' dir='ltr'><strong>volupta-</strong></span> 
     </span>
     <span class='ocr_line' id='line_1_50' title="bbox 377 2428 1253 2482; baseline -0.005 -10"><span class='ocrx_word' id='word_1_258' title='bbox 377 2433 433 2472; x_wconf 86' lang='lat' dir='ltr'><strong>tis</strong></span> <span class='ocrx_word' id='word_1_259' title='bbox 449 2433 654 2482; x_wconf 89' lang='lat' dir='ltr'><strong>nonnihil,</strong></span> <span class='ocrx_word' id='word_1_260' title='bbox 670 2437 716 2472; x_wconf 91' lang='lat' dir='ltr'><strong>et</strong></span> <span class='ocrx_word' id='word_1_261' title='bbox 730 2430 860 2471; x_wconf 90' lang='lat' dir='ltr'><strong>etiam</strong></span> <span class='ocrx_word' id='word_1_262' title='bbox 877 2429 1094 2470; x_wconf 88' lang='lat' dir='ltr'><strong>utilitatis.</strong></span> <span class='ocrx_word' id='word_1_263' title='bbox 1123 2428 1253 2480; x_wconf 87' lang='lat' dir='ltr'><strong>Apud</strong></span> 
     </span>
     <span class='ocr_line' id='line_1_51' title="bbox 377 2490 1253 2545; baseline -0.006 -10"><span class='ocrx_word' id='word_1_264' title='bbox 377 2494 598 2535; x_wconf 86' lang='lat' dir='ltr'><strong>Romanos</strong></span> <span class='ocrx_word' id='word_1_265' title='bbox 612 2495 744 2545; x_wconf 87' lang='lat' dir='ltr'><strong>acies,</strong></span> <span class='ocrx_word' id='word_1_266' title='bbox 772 2501 844 2534; x_wconf 89' lang='lat' dir='ltr'><strong>aut</strong></span> <span class='ocrx_word' id='word_1_267' title='bbox 864 2493 1023 2544; x_wconf 79' lang='lat' dir='ltr'><strong>duplex</strong></span> <span class='ocrx_word' id='word_1_268' title='bbox 1041 2490 1133 2531; x_wconf 85' lang='lat' dir='ltr'><strong>fere</strong></span> <span class='ocrx_word' id='word_1_269' title='bbox 1152 2490 1253 2542; x_wconf 86' lang='lat' dir='ltr'><strong>fuit,</strong></span> 
     </span>
     <span class='ocr_line' id='line_1_52' title="bbox 380 2554 1252 2610; baseline -0.005 -12"><span class='ocrx_word' id='word_1_270' title='bbox 380 2564 454 2599; x_wconf 88' lang='lat' dir='ltr'><strong>aut</strong></span> <span class='ocrx_word' id='word_1_271' title='bbox 473 2559 656 2610; x_wconf 83' lang='lat' dir='ltr'><strong>triplex:</strong></span> <span class='ocrx_word' id='word_1_272' title='bbox 688 2558 863 2610; x_wconf 86' lang='lat' dir='ltr'><strong>duplex,</strong></span> <span class='ocrx_word' id='word_1_273' title='bbox 894 2568 992 2597; x_wconf 90' lang='lat' dir='ltr'><strong>cum</strong></span> <span class='ocrx_word' id='word_1_274' title='bbox 1022 2561 1115 2596; x_wconf 90' lang='lat' dir='ltr'><strong>tota</strong></span> <span class='ocrx_word' id='word_1_275' title='bbox 1140 2554 1252 2595; x_wconf 91' lang='lat' dir='ltr'><strong>acies</strong></span> 
     </span>
     <span class='ocr_line' id='line_1_53' title="bbox 375 2617 1252 2670; baseline -0.006 -9"><span class='ocrx_word' id='word_1_276' title='bbox 375 2619 421 2662; x_wconf 83' lang='lat' dir='ltr'><strong>in</strong></span> <span class='ocrx_word' id='word_1_277' title='bbox 442 2621 525 2661; x_wconf 89' lang='lat' dir='ltr'><strong>duo</strong></span> <span class='ocrx_word' id='word_1_278' title='bbox 543 2633 703 2661; x_wconf 91' lang='lat' dir='ltr'><strong>cornua</strong></span> <span class='ocrx_word' id='word_1_279' title='bbox 721 2620 871 2670; x_wconf 85' lang='lat' dir='ltr'><strong>divisa,</strong></span> <span class='ocrx_word' id='word_1_280' title='bbox 897 2618 1095 2659; x_wconf 87' lang='lat' dir='ltr'><strong>dextrum</strong></span> <span class='ocrx_word' id='word_1_281' title='bbox 1123 2626 1168 2657; x_wconf 90' lang='lat' dir='ltr'><strong>et</strong></span> <span class='ocrx_word' id='word_1_282' title='bbox 1199 2617 1252 2656; x_wconf 91' lang='lat' dir='ltr'><strong>si·</strong></span> 
     </span>
     <span class='ocr_line' id='line_1_54' title="bbox 373 2681 1254 2736; baseline -0.003 -13"><span class='ocrx_word' id='word_1_283' title='bbox 373 2684 583 2724; x_wconf 90' lang='lat' dir='ltr'><strong>nistrum:</strong></span> <span class='ocrx_word' id='word_1_284' title='bbox 615 2684 787 2736; x_wconf 79' lang='lat' dir='ltr'><strong>triplex,</strong></span> <span class='ocrx_word' id='word_1_285' title='bbox 805 2695 900 2724; x_wconf 93' lang='lat' dir='ltr'><strong>cum</strong></span> <span class='ocrx_word' id='word_1_286' title='bbox 918 2682 1032 2723; x_wconf 89' lang='lat' dir='ltr'><strong>iuter</strong></span> <span class='ocrx_word' id='word_1_287' title='bbox 1056 2681 1141 2721; x_wconf 92' lang='lat' dir='ltr'><strong>duo</strong></span> <span class='ocrx_word' id='word_1_288' title='bbox 1159 2692 1254 2721; x_wconf 92' lang='lat' dir='ltr'><strong>cor-</strong></span> 
     </span>
     <span class='ocr_line' id='line_1_55' title="bbox 379 2743 1255 2796; baseline -0.005 -10"><span class='ocrx_word' id='word_1_289' title='bbox 379 2759 464 2787; x_wconf 89' lang='lat' dir='ltr'><strong>nua</strong></span> <span class='ocrx_word' id='word_1_290' title='bbox 498 2748 630 2788; x_wconf 88' lang='lat' dir='ltr'><strong>tertia</strong></span> <span class='ocrx_word' id='word_1_291' title='bbox 666 2747 778 2788; x_wconf 85' lang='lat' dir='ltr'><strong>acies</strong></span> <span class='ocrx_word' id='word_1_292' title='bbox 813 2746 956 2786; x_wconf 88' lang='lat' dir='ltr'><strong>media</strong></span> <span class='ocrx_word' id='word_1_293' title='bbox 989 2744 1071 2785; x_wconf 88' lang='lat' dir='ltr'><strong>fuit</strong></span> <span class='ocrx_word' id='word_1_294' title='bbox 1090 2757 1103 2793; x_wconf 88' lang='lat'>;</span> <span class='ocrx_word' id='word_1_295' title='bbox 1141 2743 1255 2796; x_wconf 88' lang='lat' dir='ltr'><strong>quod</strong></span> 
     </span>
     <span class='ocr_line' id='line_1_56' title="bbox 377 2809 1255 2864; baseline -0.006 -12"><span class='ocrx_word' id='word_1_296' title='bbox 377 2818 632 2864; x_wconf 87' lang='lat' dir='ltr'><strong>usurpatum</strong></span> <span class='ocrx_word' id='word_1_297' title='bbox 650 2823 783 2863; x_wconf 87' lang='lat' dir='ltr'><strong>saepe,</strong></span> <span class='ocrx_word' id='word_1_298' title='bbox 820 2823 932 2861; x_wconf 91' lang='lat' dir='ltr'><strong>cum,</strong></span> <span class='ocrx_word' id='word_1_299' title='bbox 951 2814 1025 2849; x_wconf 89' lang='lat' dir='ltr'><strong>aut</strong></span> <span class='ocrx_word' id='word_1_300' title='bbox 1044 2809 1140 2849; x_wconf 90' lang='lat' dir='ltr'><strong>duae</strong></span> <span class='ocrx_word' id='word_1_301' title='bbox 1164 2815 1255 2848; x_wconf 87' lang='lat' dir='ltr'><strong>tan-</strong></span> 
     </span>
     <span class='ocr_line' id='line_1_57' title="bbox 377 2875 1254 2928; baseline -0.006 -11"><span class='ocrx_word' id='word_1_302' title='bbox 377 2881 467 2917; x_wconf 90' lang='lat' dir='ltr'><strong>tum</strong></span> <span class='ocrx_word' id='word_1_303' title='bbox 489 2881 645 2928; x_wconf 86' lang='lat' dir='ltr'><strong>essent,</strong></span> <span class='ocrx_word' id='word_1_304' title='bbox 667 2881 740 2917; x_wconf 88' lang='lat' dir='ltr'><strong>aut</strong></span> <span class='ocrx_word' id='word_1_305' title='bbox 758 2876 903 2928; x_wconf 87' lang='lat' dir='ltr'><strong>plures</strong></span> <span class='ocrx_word' id='word_1_306' title='bbox 922 2875 1138 2928; x_wconf 84' lang='lat' dir='ltr'><strong>legiones3</strong></span> <span class='ocrx_word' id='word_1_307' title='bbox 1165 2877 1254 2912; x_wconf 89' lang='lat' dir='ltr'><strong>tum</strong></span> 
     </span>
     <span class='ocr_line' id='line_1_58' title="bbox 376 2937 1254 2992; baseline -0.005 -11"><span class='ocrx_word' id='word_1_308' title='bbox 376 2940 491 2981; x_wconf 87' lang='lat' dir='ltr'><strong>enim</strong></span> <span class='ocrx_word' id='word_1_309' title='bbox 521 2940 702 2981; x_wconf 86' lang='lat' dir='ltr'><strong>Romani</strong></span> <span class='ocrx_word' id='word_1_310' title='bbox 731 2940 773 2979; x_wconf 90' lang='lat' dir='ltr'><strong>in</strong></span> <span class='ocrx_word' id='word_1_311' title='bbox 804 2939 946 2980; x_wconf 90' lang='lat' dir='ltr'><strong>medio</strong></span> <span class='ocrx_word' id='word_1_312' title='bbox 974 2938 1121 2992; x_wconf 81' lang='lat' dir='ltr'><strong>positi,</strong></span> <span class='ocrx_word' id='word_1_313' title='bbox 1149 2937 1254 2979; x_wconf 87' lang='lat' dir='ltr'><strong>socii</strong></span> 
     </span>
     <span class='ocr_line' id='line_1_59' title="bbox 378 3000 1253 3057; baseline -0.003 -14"><span class='ocrx_word' id='word_1_314' title='bbox 378 3003 432 3044; x_wconf 90' lang='lat' dir='ltr'><strong>ad</strong></span> <span class='ocrx_word' id='word_1_315' title='bbox 453 3009 679 3057; x_wconf 84' lang='lat' dir='ltr'><strong>utrumque</strong></span> <span class='ocrx_word' id='word_1_316' title='bbox 699 3015 843 3044; x_wconf 88' lang='lat' dir='ltr'><strong>cornu.</strong></span> <span class='ocrx_word' id='word_1_317' title='bbox 894 3002 957 3043; x_wconf 85' lang='lat' dir='ltr'><strong>At</strong></span> <span class='ocrx_word' id='word_1_318' title='bbox 974 3002 1158 3056; x_wconf 87' lang='lat' dir='ltr'><strong>duplicis</strong></span> <span class='ocrx_word' id='word_1_319' title='bbox 1176 3000 1253 3041; x_wconf 89' lang='lat' dir='ltr'><strong>tri-</strong></span> 
     </span>
     <span class='ocr_line' id='line_1_60' title="bbox 375 3066 1254 3120; baseline -0.002 -13"><span class='ocrx_word' id='word_1_320' title='bbox 375 3067 553 3120; x_wconf 89' lang='lat' dir='ltr'><strong>plicisve</strong></span> <span class='ocrx_word' id='word_1_321' title='bbox 571 3066 681 3107; x_wconf 90' lang='lat' dir='ltr'><strong>aciei</strong></span> <span class='ocrx_word' id='word_1_322' title='bbox 701 3066 784 3106; x_wconf 86' lang='lat' dir='ltr'><strong>alia</strong></span> <span class='ocrx_word' id='word_1_323' title='bbox 802 3066 911 3106; x_wconf 88' lang='lat' dir='ltr'><strong>ratio</strong></span> <span class='ocrx_word' id='word_1_324' title='bbox 929 3070 1009 3117; x_wconf 88' lang='lat' dir='ltr'><strong>est,</strong></span> <span class='ocrx_word' id='word_1_325' title='bbox 1029 3076 1127 3106; x_wconf 89' lang='lat' dir='ltr'><strong>cum</strong></span> <span class='ocrx_word' id='word_1_326' title='bbox 1144 3076 1254 3117; x_wconf 66' lang='lat' dir='ltr'><strong>praa-</strong></span> 
     </span>
     <span class='ocr_line' id='line_1_61' title="bbox 376 3129 1254 3183; baseline -0.005 -11"><span class='ocrx_word' id='word_1_327' title='bbox 376 3136 446 3172; x_wconf 87' lang='lat' dir='ltr'><strong>ter</strong></span> <span class='ocrx_word' id='word_1_328' title='bbox 463 3130 695 3183; x_wconf 88' lang='lat' dir='ltr'><strong>simplicem</strong></span> <span class='ocrx_word' id='word_1_329' title='bbox 719 3130 832 3170; x_wconf 88' lang='lat' dir='ltr'><strong>illam</strong></span> <span class='ocrx_word' id='word_1_330' title='bbox 852 3129 1102 3169; x_wconf 86' lang='lat' dir='ltr'><strong>divisionem</strong></span> <span class='ocrx_word' id='word_1_331' title='bbox 1123 3140 1149 3168; x_wconf 89' lang='lat' dir='ltr'><strong>a</strong></span> <span class='ocrx_word' id='word_1_332' title='bbox 1168 3133 1254 3169; x_wconf 88' lang='lat' dir='ltr'><strong>ter-</strong></span> 
     </span>
     <span class='ocr_line' id='line_1_62' title="bbox 377 3191 1253 3247; baseline -0.006 -12"><span class='ocrx_word' id='word_1_333' title='bbox 377 3208 432 3247; x_wconf 88' lang='lat' dir='ltr'><strong>go</strong></span> <span class='ocrx_word' id='word_1_334' title='bbox 452 3195 581 3235; x_wconf 90' lang='lat' dir='ltr'><strong>etiam</strong></span> <span class='ocrx_word' id='word_1_335' title='bbox 600 3194 732 3235; x_wconf 88' lang='lat' dir='ltr'><strong>sectio</strong></span> <span class='ocrx_word' id='word_1_336' title='bbox 760 3192 836 3243; x_wconf 86' lang='lat' dir='ltr'><strong>fit;</strong></span> <span class='ocrx_word' id='word_1_337' title='bbox 867 3196 930 3244; x_wconf 88' lang='lat' dir='ltr'><strong>ut,</strong></span> <span class='ocrx_word' id='word_1_338' title='bbox 963 3192 1000 3232; x_wconf 91' lang='lat' dir='ltr'><strong>si</strong></span> <span class='ocrx_word' id='word_1_339' title='bbox 1030 3191 1122 3244; x_wconf 91' lang='lat' dir='ltr'><strong>quis</strong></span> <span class='ocrx_word' id='word_1_340' title='bbox 1152 3203 1253 3243; x_wconf 89' lang='lat' dir='ltr'><strong>qua-</strong></span> 
     </span>
     <span class='ocr_line' id='line_1_63' title="bbox 377 3253 1256 3308; baseline -0.007 -10"><span class='ocrx_word' id='word_1_341' title='bbox 377 3263 475 3298; x_wconf 89' lang='lat' dir='ltr'><strong>tuor</strong></span> <span class='ocrx_word' id='word_1_342' title='bbox 494 3257 651 3298; x_wconf 85' lang='lat' dir='ltr'><strong>habeat</strong></span> <span class='ocrx_word' id='word_1_343' title='bbox 675 3257 882 3308; x_wconf 87' lang='lat' dir='ltr'><strong>legiones,</strong></span> <span class='ocrx_word' id='word_1_344' title='bbox 910 3254 1018 3295; x_wconf 89' lang='lat' dir='ltr'><strong>duas</strong></span> <span class='ocrx_word' id='word_1_345' title='bbox 1049 3254 1092 3294; x_wconf 92' lang='lat' dir='ltr'><strong>in</strong></span> <span class='ocrx_word' id='word_1_346' title='bbox 1110 3253 1256 3293; x_wconf 85' lang='lat' dir='ltr'><strong>fronte</strong></span> 
     </span>
     <span class='ocr_line' id='line_1_64' title="bbox 378 3317 1254 3370; baseline -0.008 -9"><span class='ocrx_word' id='word_1_347' title='bbox 378 3333 473 3361; x_wconf 90' lang='lat' dir='ltr'><strong>cum</strong></span> <span class='ocrx_word' id='word_1_348' title='bbox 495 3321 620 3361; x_wconf 87' lang='lat' dir='ltr'><strong>sociis</strong></span> <span class='ocrx_word' id='word_1_349' title='bbox 643 3320 842 3370; x_wconf 90' lang='lat' dir='ltr'><strong>collocet,</strong></span> <span class='ocrx_word' id='word_1_350' title='bbox 870 3317 1051 3358; x_wconf 89' lang='lat' dir='ltr'><strong>totidem</strong></span> <span class='ocrx_word' id='word_1_351' title='bbox 1072 3329 1097 3356; x_wconf 89' lang='lat' dir='ltr'><strong>a</strong></span> <span class='ocrx_word' id='word_1_352' title='bbox 1116 3321 1254 3367; x_wconf 84' lang='lat' dir='ltr'><strong>tergo,</strong></span> 
     </span>
     <span class='ocr_line' id='line_1_65' title="bbox 378 3379 1253 3435; baseline -0.008 -10"><span class='ocrx_word' id='word_1_353' title='bbox 378 3385 558 3425; x_wconf 89' lang='lat' dir='ltr'><strong>velutin</strong></span> <span class='ocrx_word' id='word_1_354' title='bbox 586 3383 802 3434; x_wconf 90' lang='lat' dir='ltr'><strong>subsidiis,</strong></span> <span class='ocrx_word' id='word_1_355' title='bbox 833 3386 1042 3435; x_wconf 85' lang='lat' dir='ltr'><strong>seponat:</strong></span> <span class='ocrx_word' id='word_1_356' title='bbox 1071 3379 1185 3420; x_wconf 89' lang='lat' dir='ltr'><strong>idem</strong></span> <span class='ocrx_word' id='word_1_357' title='bbox 1210 3380 1253 3418; x_wconf 88' lang='lat' dir='ltr'><strong>in</strong></span> 
     </span>
     <span class='ocr_line' id='line_1_66' title="bbox 377 3445 1254 3495; baseline -0.007 -7"><span class='ocrx_word' id='word_1_358' title='bbox 377 3447 541 3488; x_wconf 87' lang='lat' dir='ltr'><strong>duabus</strong></span> <span class='ocrx_word' id='word_1_359' title='bbox 560 3448 689 3487; x_wconf 80' lang='lat' dir='ltr'><strong>etiam</strong></span> <span class='ocrx_word' id='word_1_360' title='bbox 713 3445 879 3487; x_wconf 86' lang='lat' dir='ltr'><strong>factum</strong></span> <span class='ocrx_word' id='word_1_361' title='bbox 908 3449 1001 3495; x_wconf 75' lang='lat' dir='ltr'><strong>est3</strong></span> <span class='ocrx_word' id='word_1_362' title='bbox 1030 3456 1143 3494; x_wconf 91' lang='lat' dir='ltr'><strong>cum,</strong></span> <span class='ocrx_word' id='word_1_363' title='bbox 1178 3447 1254 3483; x_wconf 81' lang='lat' dir='ltr'><strong>aut</strong></span> 
     </span>
     <span class='ocr_line' id='line_1_67' title="bbox 377 3507 1253 3566; baseline -0.007 -13"><span class='ocrx_word' id='word_1_364' title='bbox 377 3524 510 3554; x_wconf 91' lang='lat' dir='ltr'><strong>cornu</strong></span> <span class='ocrx_word' id='word_1_365' title='bbox 539 3517 766 3566; x_wconf 85' lang='lat' dir='ltr'><strong>utrumque</strong></span> <span class='ocrx_word' id='word_1_366' title='bbox 786 3511 999 3553; x_wconf 88' lang='lat' dir='ltr'><strong>sociorum</strong></span> <span class='ocrx_word' id='word_1_367' title='bbox 1018 3507 1253 3561; x_wconf 82' lang='lat' dir='ltr'><strong>subjunctis</strong></span> 
     </span>
    </p>
   </div>
   <div class='ocr_carea' id='block_1_10' title="bbox 1318 2178 2201 3562">
    <p class='ocr_par' dir='ltr' id='par_1_10' title="bbox 1318 2178 2200 2676">
     <span class='ocr_line' id='line_1_68' title="bbox 1318 2178 2199 2233; baseline 0.002 -15"><span class='ocrx_word' id='word_1_368' title='bbox 1318 2178 1557 2230; x_wconf 87' lang='lat' dir='ltr'><strong>legionibus</strong></span> <span class='ocrx_word' id='word_1_369' title='bbox 1577 2181 1870 2233; x_wconf 66' lang='lat' dir='ltr'><strong>praepositum,</strong></span> <span class='ocrx_word' id='word_1_370' title='bbox 1885 2184 1960 2220; x_wconf 82' lang='lat' dir='ltr'><strong>aut</strong></span> <span class='ocrx_word' id='word_1_371' title='bbox 1974 2179 2199 2220; x_wconf 83' lang='lat' dir='ltr'><strong>subductis</strong></span> 
     </span>
     <span class='ocr_line' id='line_1_69' title="bbox 1319 2241 2199 2296; baseline 0.001 -15"><span class='ocrx_word' id='word_1_372' title='bbox 1319 2241 1449 2282; x_wconf 85' lang='lat' dir='ltr'><strong>sociis</strong></span> <span class='ocrx_word' id='word_1_373' title='bbox 1486 2243 1676 2294; x_wconf 85' lang='lat' dir='ltr'><strong>legiones</strong></span> <span class='ocrx_word' id='word_1_374' title='bbox 1712 2243 1944 2296; x_wconf 86' lang='lat' dir='ltr'><strong>praemissae</strong></span> <span class='ocrx_word' id='word_1_375' title='bbox 1965 2257 1976 2283; x_wconf 69' lang='grc' dir='ltr'><strong>ι</strong></span> <span class='ocrx_word' id='word_1_376' title='bbox 2022 2241 2199 2282; x_wconf 84' lang='lat' dir='ltr'><strong>fuerunt</strong></span> 
     </span>
     <span class='ocr_line' id='line_1_70' title="bbox 1320 2305 2198 2357; baseline 0 -11"><span class='ocrx_word' id='word_1_377' title='bbox 1320 2306 1450 2346; x_wconf 85' lang='lat' dir='ltr'><strong>etiam</strong></span> <span class='ocrx_word' id='word_1_378' title='bbox 1481 2306 1575 2346; x_wconf 87' lang='lat' dir='ltr'><strong>aliae</strong></span> <span class='ocrx_word' id='word_1_379' title='bbox 1606 2305 1773 2357; x_wconf 82' lang='lat' dir='ltr'><strong>formae,</strong></span> <span class='ocrx_word' id='word_1_380' title='bbox 1797 2318 1892 2346; x_wconf 88' lang='lat' dir='ltr'><strong>cum</strong></span> <span class='ocrx_word' id='word_1_381' title='bbox 1911 2317 1936 2346; x_wconf 88' lang='lat' dir='ltr'><strong>a</strong></span> <span class='ocrx_word' id='word_1_382' title='bbox 1954 2306 2004 2347; x_wconf 87' lang='lat' dir='ltr'><strong>C.</strong></span> <span class='ocrx_word' id='word_1_383' title='bbox 2026 2306 2198 2347; x_wconf 82' lang='lat' dir='ltr'><strong>Caesare</strong></span> 
     </span>
     <span class='ocr_line' id='line_1_71' title="bbox 1321 2369 2197 2410; baseline -0.001 0"><span class='ocrx_word' id='word_1_384' title='bbox 1321 2375 1412 2410; x_wconf 89' lang='lat' dir='ltr'><strong>tum</strong></span> <span class='ocrx_word' id='word_1_385' title='bbox 1426 2369 1480 2409; x_wconf 91' lang='lat' dir='ltr'><strong>ab</strong></span> <span class='ocrx_word' id='word_1_386' title='bbox 1495 2370 1587 2410; x_wconf 85' lang='lat' dir='ltr'><strong>aliis</strong></span> <span class='ocrx_word' id='word_1_387' title='bbox 1606 2370 1794 2410; x_wconf 84' lang='lat' dir='ltr'><strong>inductae</strong></span> <span class='ocrx_word' id='word_1_388' title='bbox 1814 2369 2015 2410; x_wconf 88' lang='lat' dir='ltr'><strong>ducibus:</strong></span> <span class='ocrx_word' id='word_1_389' title='bbox 2037 2370 2112 2410; x_wconf 88' lang='lat' dir='ltr'><strong>sed</strong></span> <span class='ocrx_word' id='word_1_390' title='bbox 2132 2382 2197 2409; x_wconf 84' lang='lat' dir='ltr'><strong>sa-</strong></span> 
     </span>
     <span class='ocr_line' id='line_1_72' title="bbox 1321 2432 2200 2485; baseline 0 -13"><span class='ocrx_word' id='word_1_391' title='bbox 1321 2432 1375 2472; x_wconf 91' lang='lat' dir='ltr'><strong>tis</strong></span> <span class='ocrx_word' id='word_1_392' title='bbox 1395 2432 1479 2472; x_wconf 91' lang='lat' dir='ltr'><strong>erit</strong></span> <span class='ocrx_word' id='word_1_393' title='bbox 1495 2432 1605 2473; x_wconf 90' lang='lat' dir='ltr'><strong>aciei</strong></span> <span class='ocrx_word' id='word_1_394' title='bbox 1622 2433 1825 2484; x_wconf 85' lang='lat' dir='ltr'><strong>vulgatae,</strong></span> <span class='ocrx_word' id='word_1_395' title='bbox 1856 2445 1980 2485; x_wconf 91' lang='lat' dir='ltr'><strong>quam</strong></span> <span class='ocrx_word' id='word_1_396' title='bbox 2010 2432 2200 2473; x_wconf 83' lang='lat' dir='ltr'><strong>tradide-</strong></span> 
     </span>
     <span class='ocr_line' id='line_1_73' title="bbox 1322 2495 2200 2548; baseline 0 -13"><span class='ocrx_word' id='word_1_397' title='bbox 1322 2500 1422 2536; x_wconf 88' lang='lat' dir='ltr'><strong>runt</strong></span> <span class='ocrx_word' id='word_1_398' title='bbox 1440 2495 1646 2548; x_wconf 85' lang='lat' dir='ltr'><strong>Polybius</strong></span> <span class='ocrx_word' id='word_1_399' title='bbox 1665 2502 1711 2537; x_wconf 91' lang='lat' dir='ltr'><strong>et</strong></span> <span class='ocrx_word' id='word_1_400' title='bbox 1731 2496 1891 2548; x_wconf 86' lang='lat' dir='ltr'><strong>Livius,</strong></span> <span class='ocrx_word' id='word_1_401' title='bbox 1904 2495 2084 2536; x_wconf 84' lang='lat' dir='ltr'><strong>formam</strong></span> <span class='ocrx_word' id='word_1_402' title='bbox 2103 2496 2200 2536; x_wconf 88' lang='lat' dir='ltr'><strong>bre·</strong></span> 
     </span>
     <span class='ocr_line' id='line_1_74' title="bbox 1321 2559 2199 2611; baseline 0.001 -12"><span class='ocrx_word' id='word_1_403' title='bbox 1321 2559 1433 2600; x_wconf 86' lang='lat' dir='ltr'><strong>viter</strong></span> <span class='ocrx_word' id='word_1_404' title='bbox 1452 2560 1687 2611; x_wconf 86' lang='lat' dir='ltr'><strong>explicare,</strong></span> <span class='ocrx_word' id='word_1_405' title='bbox 1715 2565 1762 2600; x_wconf 89' lang='lat' dir='ltr'><strong>ut</strong></span> <span class='ocrx_word' id='word_1_406' title='bbox 1780 2560 1832 2600; x_wconf 90' lang='lat' dir='ltr'><strong>de</strong></span> <span class='ocrx_word' id='word_1_407' title='bbox 1851 2560 2008 2600; x_wconf 88' lang='lat' dir='ltr'><strong>ceteris</strong></span> <span class='ocrx_word' id='word_1_408' title='bbox 2027 2559 2199 2611; x_wconf 81' lang='lat' dir='ltr'><strong>conjec-</strong></span> 
     </span>
     <span class='ocr_line' id='line_1_75' title="bbox 1321 2623 1692 2676; baseline 0 -11"><span class='ocrx_word' id='word_1_409' title='bbox 1321 2629 1419 2665; x_wconf 89' lang='lat' dir='ltr'><strong>tura</strong></span> <span class='ocrx_word' id='word_1_410' title='bbox 1431 2623 1525 2664; x_wconf 90' lang='lat' dir='ltr'><strong>fieri</strong></span> <span class='ocrx_word' id='word_1_411' title='bbox 1543 2625 1692 2676; x_wconf 87' lang='lat' dir='ltr'><strong>possit.</strong></span> 
     </span>
    </p>

    <p class='ocr_par' dir='ltr' id='par_1_11' title="bbox 1318 2688 2201 3500">
     <span class='ocr_line' id='line_1_76' title="bbox 1375 2688 2199 2742; baseline 0.004 -16"><span class='ocrx_word' id='word_1_412' title='bbox 1375 2688 1585 2739; x_wconf 88' lang='lat' dir='ltr'><strong>Exemplo</strong></span> <span class='ocrx_word' id='word_1_413' title='bbox 1614 2689 1735 2728; x_wconf 89' lang='lat' dir='ltr'><strong>nobis</strong></span> <span class='ocrx_word' id='word_1_414' title='bbox 1767 2689 1824 2730; x_wconf 87' lang='lat' dir='ltr'><strong>sit</strong></span> <span class='ocrx_word' id='word_1_415' title='bbox 1853 2689 2069 2730; x_wconf 86' lang='lat' dir='ltr'><strong>exercitus</strong></span> <span class='ocrx_word' id='word_1_416' title='bbox 2097 2700 2199 2742; x_wconf 88' lang='lat' dir='ltr'><strong>qua-</strong></span> 
     </span>
     <span class='ocr_line' id='line_1_77' title="bbox 1321 2751 2198 2805; baseline 0.001 -14"><span class='ocrx_word' id='word_1_417' title='bbox 1321 2754 1419 2791; x_wconf 87' lang='lat' dir='ltr'><strong>tuor</strong></span> <span class='ocrx_word' id='word_1_418' title='bbox 1436 2752 1680 2803; x_wconf 87' lang='lat' dir='ltr'><strong>legionum;</strong></span> <span class='ocrx_word' id='word_1_419' title='bbox 1707 2764 1884 2805; x_wconf 89' lang='lat' dir='ltr'><strong>quarum</strong></span> <span class='ocrx_word' id='word_1_420' title='bbox 1908 2751 2007 2792; x_wconf 82' lang='lat' dir='ltr'><strong>dnae</strong></span> <span class='ocrx_word' id='word_1_421' title='bbox 2042 2752 2198 2793; x_wconf 84' lang='lat' dir='ltr'><strong>Roma·</strong></span> 
     </span>
     <span class='ocr_line' id='line_1_78' title="bbox 1319 2815 2198 2865; baseline 0.002 -12"><span class='ocrx_word' id='word_1_422' title='bbox 1319 2825 1470 2854; x_wconf 87' lang='lat' dir='ltr'><strong>norum</strong></span> <span class='ocrx_word' id='word_1_423' title='bbox 1506 2815 1606 2865; x_wconf 90' lang='lat' dir='ltr'><strong>sint,</strong></span> <span class='ocrx_word' id='word_1_424' title='bbox 1637 2815 1816 2856; x_wconf 85' lang='lat' dir='ltr'><strong>totidem</strong></span> <span class='ocrx_word' id='word_1_425' title='bbox 1851 2815 2061 2856; x_wconf 89' lang='lat' dir='ltr'><strong>sociorum</strong></span> <span class='ocrx_word' id='word_1_426' title='bbox 2083 2829 2095 2855; x_wconf 88' lang='lat'>:</span> <span class='ocrx_word' id='word_1_427' title='bbox 2135 2815 2198 2856; x_wconf 88' lang='lat' dir='ltr'><strong>sic</strong></span> 
     </span>
     <span class='ocr_line' id='line_1_79' title="bbox 1318 2877 2201 2931; baseline 0.002 -13"><span class='ocrx_word' id='word_1_428' title='bbox 1318 2877 1531 2919; x_wconf 87' lang='lat' dir='ltr'><strong>instructa</strong></span> <span class='ocrx_word' id='word_1_429' title='bbox 1547 2879 1662 2919; x_wconf 85' lang='lat' dir='ltr'><strong>acies</strong></span> <span class='ocrx_word' id='word_1_430' title='bbox 1680 2886 1775 2920; x_wconf 87' lang='lat' dir='ltr'><strong>est:</strong></span> <span class='ocrx_word' id='word_1_431' title='bbox 1807 2880 2016 2931; x_wconf 86' lang='lat' dir='ltr'><strong>Legiones</strong></span> <span class='ocrx_word' id='word_1_432' title='bbox 2045 2880 2201 2921; x_wconf 88' lang='lat' dir='ltr'><strong>Roma-</strong></span> 
     </span>
     <span class='ocr_line' id='line_1_80' title="bbox 1319 2942 2198 2997; baseline 0.001 -15"><span class='ocrx_word' id='word_1_433' title='bbox 1319 2953 1387 2982; x_wconf 82' lang='lat' dir='ltr'><strong>nae</strong></span> <span class='ocrx_word' id='word_1_434' title='bbox 1407 2942 1450 2982; x_wconf 91' lang='lat' dir='ltr'><strong>in</strong></span> <span class='ocrx_word' id='word_1_435' title='bbox 1470 2942 1611 2983; x_wconf 90' lang='lat' dir='ltr'><strong>medio</strong></span> <span class='ocrx_word' id='word_1_436' title='bbox 1644 2943 1890 2992; x_wconf 85' lang='lat' dir='ltr'><strong>collocatae;</strong></span> <span class='ocrx_word' id='word_1_437' title='bbox 1917 2948 1964 2984; x_wconf 90' lang='lat' dir='ltr'><strong>et</strong></span> <span class='ocrx_word' id='word_1_438' title='bbox 1995 2955 2092 2997; x_wconf 85' lang='lat' dir='ltr'><strong>quae</strong></span> <span class='ocrx_word' id='word_1_439' title='bbox 2121 2947 2198 2983; x_wconf 82' lang='lat' dir='ltr'><strong>aut</strong></span> 
     </span>
     <span class='ocr_line' id='line_1_81' title="bbox 1318 3005 2198 3055; baseline 0 -9"><span class='ocrx_word' id='word_1_440' title='bbox 1318 3005 1481 3046; x_wconf 87' lang='lat' dir='ltr'><strong>virtute</strong></span> <span class='ocrx_word' id='word_1_441' title='bbox 1526 3005 1733 3046; x_wconf 86' lang='lat' dir='ltr'><strong>illustrior</strong></span> <span class='ocrx_word' id='word_1_442' title='bbox 1778 3010 1888 3055; x_wconf 87' lang='lat' dir='ltr'><strong>erat,</strong></span> <span class='ocrx_word' id='word_1_443' title='bbox 1928 3010 2005 3046; x_wconf 85' lang='lat' dir='ltr'><strong>ant</strong></span> <span class='ocrx_word' id='word_1_444' title='bbox 2047 3005 2198 3046; x_wconf 79' lang='lat' dir='ltr'><strong>ordine</strong></span> 
     </span>
     <span class='ocr_line' id='line_1_82' title="bbox 1318 3067 2197 3121; baseline 0 -14"><span class='ocrx_word' id='word_1_445' title='bbox 1318 3068 1451 3121; x_wconf 91' lang='lat' dir='ltr'><strong>prior,</strong></span> <span class='ocrx_word' id='word_1_446' title='bbox 1477 3067 1531 3109; x_wconf 89' lang='lat' dir='ltr'><strong>ad</strong></span> <span class='ocrx_word' id='word_1_447' title='bbox 1563 3067 1816 3108; x_wconf 72' lang='lat' dir='ltr'><strong>dexteramz</strong></span> <span class='ocrx_word' id='word_1_448' title='bbox 1858 3068 1953 3108; x_wconf 83' lang='lat' dir='ltr'><strong>duae</strong></span> <span class='ocrx_word' id='word_1_449' title='bbox 1984 3067 2197 3109; x_wconf 83' lang='lat' dir='ltr'><strong>sociorum</strong></span> 
     </span>
     <span class='ocr_line' id='line_1_83' title="bbox 1318 3130 2196 3184; baseline 0 -13"><span class='ocrx_word' id='word_1_450' title='bbox 1318 3131 1361 3171; x_wconf 89' lang='lat' dir='ltr'><strong>in</strong></span> <span class='ocrx_word' id='word_1_451' title='bbox 1381 3130 1611 3181; x_wconf 89' lang='lat' dir='ltr'><strong>cornibus;</strong></span> <span class='ocrx_word' id='word_1_452' title='bbox 1640 3143 1725 3171; x_wconf 88' lang='lat' dir='ltr'><strong>una</strong></span> <span class='ocrx_word' id='word_1_453' title='bbox 1745 3133 1790 3173; x_wconf 90' lang='lat' dir='ltr'><strong>in</strong></span> <span class='ocrx_word' id='word_1_454' title='bbox 1809 3132 1978 3184; x_wconf 84' lang='lat' dir='ltr'><strong>dextro,</strong></span> <span class='ocrx_word' id='word_1_455' title='bbox 2003 3132 2048 3172; x_wconf 89' lang='lat' dir='ltr'><strong>in</strong></span> <span class='ocrx_word' id='word_1_456' title='bbox 2076 3130 2196 3172; x_wconf 82' lang='lat' dir='ltr'><strong>sinis-</strong></span> 
     </span>
     <span class='ocr_line' id='line_1_84' title="bbox 1321 3195 2197 3248; baseline -0.001 -12"><span class='ocrx_word' id='word_1_457' title='bbox 1321 3201 1390 3236; x_wconf 88' lang='lat' dir='ltr'><strong>tro</strong></span> <span class='ocrx_word' id='word_1_458' title='bbox 1401 3195 1554 3236; x_wconf 87' lang='lat' dir='ltr'><strong>altera:</strong></span> <span class='ocrx_word' id='word_1_459' title='bbox 1570 3197 1738 3248; x_wconf 85' lang='lat' dir='ltr'><strong>equites</strong></span> <span class='ocrx_word' id='word_1_460' title='bbox 1753 3196 1795 3236; x_wconf 90' lang='lat' dir='ltr'><strong>in</strong></span> <span class='ocrx_word' id='word_1_461' title='bbox 1811 3202 1973 3236; x_wconf 87' lang='lat' dir='ltr'><strong>turmas</strong></span> <span class='ocrx_word' id='word_1_462' title='bbox 1988 3195 2197 3247; x_wconf 84' lang='lat' dir='ltr'><strong>descripti</strong></span> 
     </span>
     <span class='ocr_line' id='line_1_85' title="bbox 1321 3259 2198 3311; baseline 0 -13"><span class='ocrx_word' id='word_1_463' title='bbox 1321 3259 1375 3298; x_wconf 86' lang='lat' dir='ltr'><strong>ad</strong></span> <span class='ocrx_word' id='word_1_464' title='bbox 1394 3259 1534 3299; x_wconf 89' lang='lat' dir='ltr'><strong>latera</strong></span> <span class='ocrx_word' id='word_1_465' title='bbox 1552 3259 1612 3299; x_wconf 91' lang='lat' dir='ltr'><strong>ita</strong></span> <span class='ocrx_word' id='word_1_466' title='bbox 1633 3259 1846 3311; x_wconf 87' lang='lat' dir='ltr'><strong>dispositi,</strong></span> <span class='ocrx_word' id='word_1_467' title='bbox 1872 3264 1921 3299; x_wconf 90' lang='lat' dir='ltr'><strong>ut</strong></span> <span class='ocrx_word' id='word_1_468' title='bbox 1938 3259 2042 3300; x_wconf 89' lang='lat' dir='ltr'><strong>socii</strong></span> <span class='ocrx_word' id='word_1_469' title='bbox 2062 3270 2198 3299; x_wconf 87' lang='lat' dir='ltr'><strong>cornu</strong></span> 
     </span>
     <span class='ocr_line' id='line_1_86' title="bbox 1321 3321 2174 3372; baseline 0 -12"><span class='ocrx_word' id='word_1_470' title='bbox 1321 3321 1533 3361; x_wconf 89' lang='lat' dir='ltr'><strong>sinistrum</strong></span> <span class='ocrx_word' id='word_1_471' title='bbox 1551 3326 1763 3372; x_wconf 85' lang='lat' dir='ltr'><strong>tegerent,</strong></span> <span class='ocrx_word' id='word_1_472' title='bbox 1778 3321 1976 3361; x_wconf 85' lang='lat' dir='ltr'><strong>dextrum</strong></span> <span class='ocrx_word' id='word_1_473' title='bbox 1994 3321 2174 3361; x_wconf 89' lang='lat' dir='ltr'><strong>Romani</strong></span> 
     </span>
     <span class='ocr_line' id='line_1_87' title="bbox 1322 3383 2198 3437; baseline 0.002 -15"><span class='ocrx_word' id='word_1_474' title='bbox 1322 3383 1487 3437; x_wconf 87' lang='lat' dir='ltr'><strong>quibus,</strong></span> <span class='ocrx_word' id='word_1_475' title='bbox 1522 3383 1634 3436; x_wconf 89' lang='lat' dir='ltr'><strong>quod</strong></span> <span class='ocrx_word' id='word_1_476' title='bbox 1655 3384 1877 3435; x_wconf 87' lang='lat' dir='ltr'><strong>pauciores</strong></span> <span class='ocrx_word' id='word_1_477' title='bbox 1896 3385 2020 3425; x_wconf 89' lang='lat' dir='ltr'><strong>sociis</strong></span> <span class='ocrx_word' id='word_1_478' title='bbox 2040 3389 2198 3435; x_wconf 77' lang='lat' dir='ltr'><strong>essent,</strong></span> 
     </span>
     <span class='ocr_line' id='line_1_88' title="bbox 1321 3444 2195 3500; baseline -0.003 -12"><span class='ocrx_word' id='word_1_479' title='bbox 1321 3444 1648 3488; x_wconf 85' lang='lat' dir='ltr'><strong>extraordinarii</strong></span> <span class='ocrx_word' id='word_1_480' title='bbox 1674 3445 1727 3485; x_wconf 92' lang='lat' dir='ltr'><strong>ad</strong></span> <span class='ocrx_word' id='word_1_481' title='bbox 1748 3445 1970 3487; x_wconf 80' lang='lat' dir='ltr'><strong>dexteram</strong></span> <span class='ocrx_word' id='word_1_482' title='bbox 1988 3446 2195 3500; x_wconf 71' lang='lat' dir='ltr'><strong>adjuncti.</strong></span> 
     </span>
    </p>

    <p class='ocr_par' dir='ltr' id='par_1_12' title="bbox 1376 3508 2195 3562">
     <span class='ocr_line' id='line_1_89' title="bbox 1376 3508 2195 3562; baseline 0 -13"><span class='ocrx_word' id='word_1_483' title='bbox 1376 3508 1577 3561; x_wconf 82' lang='lat' dir='ltr'><strong>Legionis</strong></span> <span class='ocrx_word' id='word_1_484' title='bbox 1597 3521 1698 3551; x_wconf 86' lang='lat' dir='ltr'><strong>vero</strong></span> <span class='ocrx_word' id='word_1_485' title='bbox 1717 3509 1892 3562; x_wconf 80' lang='lat' dir='ltr'><strong>singulae</strong></span> <span class='ocrx_word' id='word_1_486' title='bbox 1913 3509 2071 3562; x_wconf 78' lang='lat' dir='ltr'><strong>triplex</strong></span> <span class='ocrx_word' id='word_1_487' title='bbox 2090 3509 2195 3551; x_wconf 86' lang='lat' dir='ltr'><strong>ordo</strong></span> 
     </span>
    </p>
   </div>
  </div>
 </body>
</html>
