2352 4022
592 307 726 346 GAP.
753 306 819 344 11.
858 306 938 349 DE,
981 302 1427 344 FORTI'I'UDINE.

1817 289 1924 344 337

177 430 233 481 4.
269 426 323 480 A
350 425 593 480 Romulo
614 424 656 458 ¹⁶
692 426 983 494 proximus
1003 423 1295 477 Cornelius
1315 417 1563 475 Cossus*
1598 418 1774 472 eidem
1799 420 1927 473 Deo

109 513 299 581 spolia
322 512 688 574 consecravit,
715 526 843 562 cum
867 510 1130 575 magister
1154 502 1431 578 equitum¹
1468 505 1665 558 ducem
1691 503 1930 556 Fidena-

113 598 250 649 tium
265 604 298 626 ¹¹¹
334 598 394 649 in
416 597 539 650 acie
563 610 888 662 congressus
912 593 1291 646 interemisset.

1366 589 1610 658 Magnus
1634 588 1794 641 initio
1830 588 1929 640 hu-

103 682 271 750 jusce
309 683 523 750 generis
561 681 838 733 inchoatae
887 678 1078 746 gloriae
1125 677 1430 730 Romulus:
1469 675 1655 729 Cosso
1706 689 1930 744 quoque

115 766 339 818 multum
368 765 702 834 acquisitum
726 770 828 826 est,
853 762 1003 830 quod
1022 769 1063 803 ¹⁷
1102 761 1402 814 Romulum
1421 760 1628 813 imitari
1653 759 1874 812 valuit?

184 851 238 902 5.
279 850 370 902 Ne
397 849 479 901 M.
504 849 729 918 quidem
765 846 1019 900 Marcelli
1056 847 1382 899 memoriam
1425 848 1497 899 ab
1535 846 1621 898 his
1658 844 1933 912 exemplis

115 949 379 1002 separare
402 934 683 996 debemuS,
712 933 771 984 iu
797 947 910 999 quo
932 935 1121 983 tantus
1159 931 1330 983 animi
1355 932 1512 998 vigor
1536 930 1656 994 fuit,
1695 937 1759 982 ut
1784 927 1932 998 apud

115 1018 334 1073 Padum
352 1026 376 1048 ¹¹
412 1019 697 1072 Gallorum
721 1022 937 1085 regem⁰
972 1016 1180 1083 ingenti
1217 1017 1469 1070 exercitu
1502 1016 1767 1084 stipatum
1807 1031 1934 1069 cum

878 1151 1170 1170 ‘monetote'

110 1243 242 1294 opima
261 1244 347 1284 Deo
364 1243 610 1295 spolia—16
638 1242 700 1284 Ab
720 1243 888 1284 Romulo
904 1242 948 1282 in
977 1242 1121 1283 multis
1147 1242 1274 1283 codd.
1306 1243 1469 1284 Romulo
1497 1243 1698 1295 proximus
1715 1243 1875 1295 Ultraj.
1897 1246 1936 1282 2.

115 1304 163 1337 et
182 1298 301 1348 Meg.
356 1299 463 1338 Mox
482 1299 569 1339 Deo
587 1297 794 1338 omittunt
809 1298 965 1349 Ultraj.
985 1301 1025 1338 2.
1043 1303 1088 1337 et
1107 1297 1229 1336 Leid.
1245 1301 1286 1337 6.
1319 1298 1555 1338 Fidenatum
1572 1304 1618 1337 et
1632 1298 1720 1350 fide
1738 1302 1872 1337 natum
1893 1298 1936 1336 in

113 1352 326 1391 nonnullis
342 1352 521 1392 Torren.
549 1353 593 1392 in
606 1351 728 1391 aciem
745 1363 974 1401 congressus
992 1351 1146 1403 CopeS.
1167 1351 1290 1391 Leid.
1314 1356 1356 1390 5.
1373 1352 1550 1392 Venett.
1569 1355 1610 1391 4.
1637 1357 1678 1391 5.
1698 1351 1875 1391 Mediol.
1895 1355 1936 1391 3.

116 1404 294 1445 Ascens.
313 1405 480 1458 Gryph.
499 1407 637 1446 Coliu.
656 1410 701 1445 et
721 1406 868 1456 Steph.
901 1405 1162 1454 hujuscemodi
1186 1405 1343 1454 generis
1370 1405 1598 1457 Mog.-l⁷
1628 1405 1697 1444 Ita
1726 1404 1849 1457 Pigb.
1882 1417 1938 1444 ex

116 1456 338 1499 Atreb.’et
356 1459 529 1500 Gembl.
547 1459 791 1512 habentque
811 1461 870 1498 ita
895 1458 1052 1497 Brand.
1074 1462 1113 1497 1.
1134 1462 1172 1498 2.
1192 1458 1294 1498 Vet.
1315 1462 1360 1498 et
1380 1460 1497 1511 Mog.

1528 1459 1596 1509 qui
1614 1458 1819 1498 exhibent
1846 1458 1940 1509 plu-

118 1512 214 1552 rimi
238 1513 416 1554 Torren.
448 1525 546 1554 cum
565 1513 805 1553 Venett.4.
825 1516 866 1553 5.
899 1512 1138 1554 Mediol.3.
1169 1511 1303 1552 Aldd.
1336 1512 1476 1553 Colin.
1510 1511 1680 1565 Gryph.
1710 1518 1754 1552 et
1783 1512 1937 1564 Steph.

942 1660 1119 1702 NOTAE

172 1749 194 1782 ¹¹
224 1754 427 1796 Cornelius
446 1754 607 1807 Cossus]
635 1755 701 1796 Ex
729 1755 864 1796 nobili
893 1755 999 1796 Cor-

117 1819 328 1860 neliorum
348 1824 491 1871 gente,
505 1819 661 1859 eximia
681 1819 999 1871 pulchritudine

120 1882 330 1935 eorporis,
365 1882 505 1923 animo
533 1895 583 1923 ac
613 1882 771 1922 viribus
790 1895 885 1935 par,
912 1895 999 1923 me-

119 1957 297 1999 morque
329 1947 514 1999 generis,
546 1947 659 2000 quod
690 1947 998 1999 amplissimum

121 2015 364 2063 acceptum,
408 2011 548 2063 majus
595 2011 850 2065 auctiusque
899 2013 996 2053 reli-

121 2073 217 2127 quit
235 2072 434 2125 posteris.
491 2068 561 2112 Ita
576 2074 734 2116 Livius.

178 2135 189 2163 ¹
217 2137 317 2177 Cum
349 2136 539 2187 magister
571 2137 760 2189 equitum]
790 2136 878 2179 Hic
913 2151 1000 2180 ma·

122 2197 307 2240 nifestus
342 2205 411 2240 est
447 2201 608 2240 Valerii
639 2214 785 2253 error3
820 2214 915 2242 cum
949 2203 998 2242 L.

123 2263 325 2306 Quintius
345 2264 623 2305 Cincinnatus
643 2265 697 2305 ab
716 2264 887 2305 AEmilio
906 2266 1001 2305 Ma-

122 2327 287 2368 mercio
317 2327 548 2368 Dictatore
578 2328 659 2368 hoc
694 2328 738 2368 in
768 2328 882 2368 bello
908 2329 1003 2368 Ma-

123 2390 261 2442 gister
275 2390 480 2443 Equitum
500 2390 641 2431 dictus
662 2391 732 2431 sit.
788 2391 946 2431 Consul
978 2403 1004 2431 a

124 2452 262 2504 Livio,
309 2452 362 2493 ab
410 2453 505 2493 aliis
551 2454 768 2495 Tribunus
817 2455 999 2495 militum

122 2515 254 2556 fuisse
273 2516 542 2568 perhibetur.
598 2518 686 2559 Cur
705 2519 827 2559 Livio
858 2519 1000 2571 potius

123 2587 253 2631 quam
267 2578 364 2618 aliis
381 2579 607 2631 assentiar,
624 2580 709 2621 duo
725 2594 793 2622 me
807 2590 1002 2633 movent;

123 2652 269 2692 uuum,
310 2641 425 2694 quod
455 2653 508 2682 ea
543 2648 708 2683 tantum
737 2645 876 2696 spolia
910 2645 1000 2698 opi-

123 2715 195 2744 ma
225 2705 489 2757 dicerentur,
529 2717 623 2758 quae
663 2706 750 2747 dux
790 2707 893 2747 duci
928 2707 1003 2748 de-

124 2765 353 2817 traxisset3
382 2778 464 2808 nec
495 2767 583 2807 dux
622 2767 722 2819 fuit,
761 2769 844 2809 nisi
881 2770 1003 2822 cujus

125 2831 318 2884 auspicio
337 2830 496 2871 bellum
530 2837 776 2884 gereretur:
806 2834 1003 2885 alterum,

125 2893 240 2946 quod
269 2893 421 2935 titulus
450 2895 544 2947 ipse
577 2896 724 2947 spoliis
752 2897 1004 2948 inscriptus,

125 2962 240 2997 teste
259 2956 398 3009 Livio,
425 2965 576 3011 arguat
606 2959 726 3000 illum
754 2966 844 3001 tum
871 2959 1004 3001 fuisse

127 3019 376 3061 Consulem.

179 3086 211 3109 ’Β
237 3083 390 3123 Ducem
420 3084 693 3137 Fidenatium]
719 3086 1002 3138 Tolumnium,

123 3156 250 3199 quem
269 3157 366 3186 cum
384 3146 592 3199 insignem
622 3149 741 3200 regio
767 3149 912 3189 habitu
934 3162 1004 3189 vo-

125 3208 326 3250 litantem
346 3214 438 3250 tota
469 3210 561 3250 acie
587 3211 838 3263 conspexit:
866 3213 879 3234 ‘
903 3212 1005 3251 Hic-

125 3270 223 3312 ciue
258 3271 356 3323 est,’
402 3272 558 3326 inquit,
595 3275 610 3297 ‘
638 3279 792 3324 ruptor
829 3273 1005 3315 foederis

126 3334 314 3385 hnmani,
340 3334 608 3390 violatorque
646 3338 837 3388 gentium
864 3338 1006 3389 juris?

128 3407 211 3448 ego
240 3395 351 3437 hanc
383 3404 614 3439 mactatam
634 3400 851 3441 victimam
873 3402 1006 3452 Lega-

128 3458 270 3500 torum
297 3460 492 3501 manibus
521 3461 665 3504 dabo!
718 3463 888 3506 Infesta
911 3477 1004 3505 cus-

128 3521 230 3574 pide
266 3522 311 3563 in
342 3535 438 3563 eum
458 3522 612 3575 fertur,
638 3538 832 3581 equoque
859 3528 1005 3580 dejec-

238 3587 381 3639 velpa.
397 3593 435 3630 et
454 3589 548 3630 ναν.
571 3591 676 3633 Clas.

1066 1761 1156 1796 tum
1186 1756 1231 1796 in
1259 1761 1418 1797 terram
1449 1753 1609 1808 affigit:
1639 1756 1729 1793 tum
1748 1751 1945 1792 detracta

1066 1821 1219 1873 spolia,
1244 1826 1461 1874 caputque
1495 1819 1634 1859 victor
1669 1817 1837 1869 spiculo
1871 1827 1945 1867 ge-

1064 1896 1177 1938 rens,
1203 1890 1369 1926 terrore
1398 1883 1498 1924 caesi
1523 1881 1656 1935 Regis
1683 1882 1829 1920 hostes
1848 1877 1945 1918 fun·

1066 1949 1144 1991 dit.

1119 2012 1145 2037 ⁸*
1163 2012 1324 2054 An.M.
1345 2015 1466 2053 3618.
1507 2010 1580 2052 01.
1597 2013 1664 2051 86.
1685 2012 1722 2051 1.
1766 2006 1876 2048 Urb.
1893 2008 1944 2048 C.

1067 2079 1163 2117 31⁷.
1209 2075 1313 2117 Ant.
1333 2075 1412 2116 Ch.
1431 2073 1526 2115 435.

1120 2146 1140 2166 ¹¹
1157 2141 1276 2192 Apud
1294 2140 1469 2192 Padum]
1492 2131 1683 2180 Fluvium
1707 2137 1838 2180 totius
1857 2136 1945 2177 Ita-

1067 2203 1137 2243 liae
1170 2204 1416 2255 maximum,
1448 2203 1519 2256 qui
1551 2202 1739 2254 receptis
1767 2201 1948 2253 triginta

1067 2264 1312 2306 fluminibus
1340 2267 1383 2306 in
1414 2278 1528 2306 mare
1555 2265 1821 2306 Adriaticum
1849 2276 1946 2316 pro-

1067 2328 1255 2379 labitur3
1284 2330 1354 2369 vel
1384 2330 1439 2370 ab
1471 2329 1626 2370 arbore
1659 2329 1821 2378 Picea;
1850 2340 1945 2380 quae

1071 2403 1095 2431 a
1127 2392 1264 2432 Gallis
1298 2393 1440 2433 Pades
1471 2392 1645 2445 dicitur,
1676 2397 1726 2432 ut
1745 2392 1838 2431 vult
1858 2390 1947 2430 Pli-

1067 2454 1188 2505 nius;
1232 2455 1313 2504 vel,
1359 2461 1407 2495 ut
1437 2455 1644 2506 Isidorus,
1680 2454 1734 2494 ab
1771 2465 1856 2494 uno
1891 2464 1948 2493 ex

1069 2516 1220 2569 tribus,
1239 2517 1352 2558 unde
1373 2517 1565 2571 profluit,
1583 2517 1774 2559 fontibus
1794 2526 1948 2558 nomen

1068 2581 1255 2633 accepit.

1121 2650 1141 2670 ⁰
1171 2645 1376 2685 Gallorum
1408 2657 1554 2696 regem,
1585 2644 1673 2697 ξω]
1703 2643 1947 2684 Viridoma-

1070 2719 1179 2758 rum,
1207 2709 1279 2761 qui
1299 2709 1399 2749 dum
1421 2708 1675 2750 Clastidium
1695 2707 1741 2748 in
1758 2709 1950 2748 Romana

1070 2773 1232 2812 ditione
1251 2772 1436 2823 obsidet,
1463 2772 1699 2812 Marcellus
1730 2783 1827 2812 cum
1859 2770 1949 2811 exi-

1072 2847 1153 2887 gua
1173 2836 1375 2888 Equitum
1410 2847 1537 2875 mauu
1568 2834 1754 2875 obsessis
1790 2832 1949 2874 auxilio

1071 2897 1272 2947 advolat3
1308 2898 1612 2952 instructaque
1647 2898 1741 2939 acie
1774 2899 1818 2939 iu
1852 2909 1948 2938 eum

1071 2961 1302 3001 Marcellus
1334 2961 1525 3002 admittit
1567 2970 1739 3015 equum,
1768 2960 1948 3002 occidit-

1072 3036 1154 3076 que
1167 3040 1179 3074 3
1207 3024 1342 3076 raptis
1379 3025 1490 3065 illius
1526 3026 1698 3077 spoliis:
1736 3025 1749 3046 ‘
1774 3024 1950 3064 Arbiter

1073 3088 1297 3139 insignium
1318 3087 1558 3140 factorum,'
1576 3088 1729 3141 inquit,
1746 3088 1759 3110 ‘
1775 3087 1949 3139 Jupiter

1074 3151 1255 3202 Feretri,
1285 3157 1329 3192 te
1350 3157 1463 3192 teste
1483 3151 1570 3191 dux
1591 3150 1760 3201 ducem,
1790 3150 1949 3190 Consul

1074 3214 1237 3266 Regem
1258 3227 1384 3255 manu
1413 3226 1509 3253 mea
1539 3213 1693 3252 tertius
1721 3222 1802 3264 ego
1836 3212 1948 3252 bunc

1074 3275 1304 3317 interfeci!
1377 3277 1447 3316 De
1484 3276 1558 3316 illo
1603 3275 1710 3327 ipsos
1731 3274 1948 3314 Marcello

1073 3339 1302 3391 Virgilius:
1332 3340 1347 3362 ‘
1367 3339 1543 3393 Aspice,
1563 3344 1610 3378 ut
1642 3338 1818 3389 insignis
1851 3350 1949 3389 spo-

1074 3402 1141 3441 liis
1161 3402 1395 3442 Marcellus
1413 3401 1563 3453 opimis
1585 3401 1844 3453 Ingreditur,
1864 3402 1948 3442 vic·

1074 3469 1224 3516 torque
1245 3464 1358 3504 viros
1379 3463 1670 3515 supereminet
1689 3463 1863 3505 omnes.’

925 3593 1010 3634 Val.
1033 3594 1149 3632 illex.
1800 3595 1841 3634 Y
