2352 4022
454 307 561 360 324
950 323 1211 362 VAnan
1253 319 1496 360 MAX1M1
1540 323 1658 363 Lm.
1702 323 1768 362 11.

458 440 681 509 abjecto
705 439 867 504 ferro,
892 441 1161 494 attonitus
1200 439 1327 491 inde
1365 456 1432 493 ac
1474 447 1713 495 tremens
1738 444 1918 511 fugit.q
1991 444 2269 500 Cimbrica

455 525 706 577 nimirum
735 524 1021 577 calamitas
1049 524 1244 575 oculos
1270 524 1502 577 hominis
1529 528 1881 593 perstrinxit:
1923 530 2268 599 devictaeque

455 626 573 662 suae
598 611 769 676 gentis
794 608 1045 659 interitus
1084 609 1321 661 animum
1365 611 1755 678 comminuit38
1791 616 1957 666 etiam
2002 615 2128 669 Diis
2166 616 2269 666 im-

454 695 780 746 mortalibus
804 692 1084 759 indignum
1126 693 1280 755 ratis,
1327 695 1396 746 ab
1439 711 1551 747 uno
1591 695 1714 764 ejus
1756 699 1996 751 nationis
2033 700 2269 756 interfici

453 777 712 840 Marium,
740 793 907 844 quam
932 780 1102 828 totam
1127 777 1431 831 deleverat.
1505 779 1918 834 Minturnenses
1945 788 2125 835 autem
2149 798 2269 835 ma-

443 863 647 931 jestate
672 861 824 912 illius
864 863 1035 930 capti,
1078 878 1455 931 compressum
1486 865 1605 934 jam
1645 871 1704 918 et
1744 868 2108 919 constrictum
2145 868 2267 919 dira

448 946 546 997 fati
576 945 928 1009 ,necessit-ate,
966 946 1302 999 incolumem
1341 949 1746 1016 praestiterunt:
1784 967 1884 1003 nec
1925 951 2028 1003 fuit
2065 951 2153 1002 his
2199 953 2268 1003 ti-

449 1029 590 1080 mori
610 1030 915 1096 asperrima
941 1030 1108 1098 Syllae
1138 1031 1409 1095 victoria}
1446 1049 1516 1085 ne
1552 1035 1609 1085 in
1647 1051 1746 1086 eos
1791 1037 2266 1088 conservationem

448 1112 616 1165 Marii
641 1114 1086 1180 ulcisceretur32⁵
1124 1132 1251 1167 cum
1286 1118 1600 1184 praesertim
1643 1120 1770 1187 ipse
1810 1120 2055 1172 Marius³
2093 1136 2193 1172 eos
2231 1135 2268 1171 a

446 1199 821 1251 conservando
850 1201 1036 1252 Mario
1066 1202 1373 1253 absterrere
1400 1210 1634 1271 posset.‡

515 1284 572 1335 7.
609 1282 691 1334 Μ.
741 1301 953 1353 quoque
999 1284 1263 1337 Porcium
1313 1285 1615 1339 Catonem‘
1676 1287 1969 1340 admiratio
2007 1288 2165 1341 fortis
2213 1292 2268 1340 et

447 1367 676 1421 sincerae
702 1368 834 1420 vitae
865 1369 1005 1422 adeo
1034 1370 1419 1421 admirabilem
1434 1368 1481 1401 2⁶
1519 1371 1734 1423 senatui
1758 1372 1908 1434 fecit,
1932 1376 2009 1433 ut,
2035 1388 2157 1423 cum
2184 1373 2267 1424 in-

445 1452 562 1504 vito
605 1451 671 1506 C.
712 1452 934 1507 Caesare
971 1455 1194 1508 consule
1239 1454 1504 1508 adversus
1537 1456 1913 1524 publicanos¹²
1949 1455 2186 1508 dicendo
2211 1458 2269 1508 in

496 1646 518 1674 ι’
549 1640 688 1680 Clades
705 1641 877 1682 Cimbris
892 1655 916 1681 α
936 1642 1069 1682 Mario
1086 1641 1202 1681 illata
1221 1641 1412 1681 hominem
1430 1643 1592 1695 terruit,
1624 1648 1663 1683 et
1693 1644 1880 1684 inm-itus
1901 1645 2034 1695 gentis
2059 1656 2139 1686 suoe
2157 1643 2205 1683 ab
2224 1655 2268 1682 eo

444 1693 604 1734 devictae
622 1695 727 1735 iltius
741 1695 912 1736 animum
930 1708 954 1735 α
968 1698 1071 1736 caede
1092 1696 1221 1736 Marii
1240 1696 1400 1735 avertit.

1208 1815 1503 1836 eeeeeeeeeeee

444 1894 572 1937 voss.
593 1901 638 1936 et
656 1897 776 1938 Leid.
797 1901 838 1938 7.
860 1898 914 1939 ab
934 1899 990 1939 al.
1010 1911 1064 1938 m.
1084 1898 1329 1939 evasit—2⁵
1358 1899 1370 1921 ‘
1386 1899 1531 1939 Verba
1558 1911 1606 1938 ne
1635 1898 1678 1937 in
1707 1910 1770 1938 eos
1796 1897 2120 1938 conservationem
2137 1896 2268 1936 Marii

442 1950 695 1989 ulcisceretur
713 1951 870 1991 desunt
885 1953 928 1992 in
946 1954 1046 1992 Vet.
1067 1957 1113 1992 et
1134 1952 1327 2003 plurimis
1346 1954 1453 1993 Mss.
1467 1953 1619 2004 judice
1638 1951 1882 2002 Perizonio‚
1910 1963 1988 2002 pro
2019 1951 2159 2002 glossa
2191 1962 2265 1989 ex-

445 2005 688 2054 pungenda,
732 2017 915 2057 quocum
947 2007 1162 2046 consentit
1198 2007 1447 2057 Torrenius,
1493 2005 1648 2058 quibus
1691 2005 1926 2045 duumviris
1974 2003 2265 2044 lubentissime

443 2057 632 2097 accedo!
657 2059 792 2110 Kapp.
835 2060 943 2099 Sunt
962 2059 1006 2098 in
1027 2059 1186 2110 Ultraj.
1207 2063 1248 2100 2.
1267 2060 1515 2100 Sus-Palm.
1531 2060 1681 2109 Camp.
1696 2058 1864 2099 Winck.
1887 2058 2004 2108 Mog.
2024 2064 2068 2096 et
2082 2056 2270 2107 Herbip.

440 2109 485 2148 in
504 2123 636 2162 marg.
653 2113 777 2152 Leid.
794 2116 835 2153 7.
855 2113 989 2152 Barb.
1013 2117 1052 2152 1.
1080 2118 1126 2152 et
1143 2114 1252 2153 Toll.
1282 2113 1359 2153 sed
1377 2113 1508 2152 Marii
1525 2112 1672 2152 delent
1693 2112 1842 2162 Camp.
1857 2110 2025 2151 Winck.
2044 2109 2202 2161 Ultraj.
2222 2113 2263 2150 2.

441 2164 561 2215 Mog.
581 2171 625 2204 et
644 2166 937 2218 Herbip.—26
964 2166 1111 2206 Codex
1132 2166 1435 2206 Colmariensis
1455 2167 1614 2216 Coleri,
1641 2167 1735 2205 adeo
1762 2164 2016 2204 venerabilem
2029 2177 2044 2210 ‚·
2071 2169 2117 2203 et
2135 2163 2197 2202 sic
2222 2162 2265 2202 in

443 2217 607 2259 Brund.
630 2223 668 2259 1.
688 2223 727 2259 2.
758 2220 1082 2273 quatuordecim
1114 2221 1293 2261 Torren.
1311 2221 1416 2260 Vet.
1437 2221 1558 2271 Mog.
1577 2221 1755 2259 Venett.
1773 2218 1959 2270 Herbip.
1978 2218 2060 2257 διο.
2078 2216 2266 2261 utimini&

1267 2342 1450 2384 NOTAE

494 2468 514 2496 ‘³
550 2462 733 2502 Tremens
754 2462 890 2515 fugit]
929 2463 1032 2504 Alta
1051 2476 1155 2505 voce
1175 2464 1319 2505 clami-

440 2531 560 2567 tans:
603 2530 614 2550 ‘
636 2528 736 2567 Non
770 2541 936 2581 possum
969 2530 1167 2570 occidere
1185 2529 1318 2570 Mari-

441 2593 544 2630 um.’

493 2658 509 2679 ¹
525 2653 755 2705 Aspen-ima
781 2653 902 2707 Sylla.»
927 2654 1112 2706 victoria]
1153 2653 1319 2695 Intelli-

439 2715 501 2766 git
523 2716 651 2768 Syllae
683 2717 726 2756 in
759 2717 908 2757 urbem
935 2718 1190 2770 ingressum,
1222 2729 1317 2757 cum

437 2777 589 2830 fugato
612 2779 750 2819 Mario
766 2780 993 2833 Sulpitium
1012 2781 1157 2820 necari
1170 2780 1317 2832 jussit.

493 2841 615 2894 ‘Ipse
646 2842 817 2893 Marius,
836 2844 924 2895 {sa}
965 2844 1139 2896 Duplex
1173 2855 1319 2883 sensus

439 2909 587 2955 potest
630 2916 725 2943 esse
759 2903 884 2956 hujus
915 2906 1022 2946 loci:
1061 2917 1183 2957 unus,
1221 2905 1320 2957 quia

437 2966 534 3018 ipse
570 2967 734 3006 Marius
757 2967 883 3007 homo
917 2968 1104 3008 crudelis
1131 2968 1173 3007 in
1203 2968 1318 3019 ipsos

438 3031 571 3069 etiam
587 3034 752 3069 mutata
771 3027 942 3069 fortuna
955 3030 1108 3070 saevire
1127 3034 1318 3081 poterat:

440 3093 564 3140 alter,
613 3093 713 3145 quia
749 3094 913 3133 Marius
964 3093 1059 3145 ipse
1105 3093 1231 3132 miser
1275 3098 1321 3133 et

439 3155 625 3197 afflictus
639 3157 735 3197 illos
754 3157 808 3197 ab
821 3157 915 3210 ipso
931 3157 1226 3198 conservando
1245 3157 1318 3196 de-

441 3219 650 3271 terrebat,
669 3231 722 3260 ne
742 3220 841 3273 qnid
871 3220 1004 3261 simile
1025 3219 1107 3272 ipsi
1137 3219 1319 3259 Mintur-

441 3294 594 3323 nenses
614 3296 639 3323 a
656 3283 773 3335 Sylla
795 3288 1066 3336 paterentur.

497 3352 515 3394 ss
535 3345 621 3386 An.
639 3348 703 3388 M.
722 3351 843 3388 3966.
874 3347 945 3388 01.
963 3350 1057 3388 173.
1079 3348 1118 3387 1.
1146 3345 1254 3385 Urb.
1269 3345 1320 3386 C.

440 3411 536 3448 665.
565 3408 669 3449 Ant.
686 3409 761 3450 Ch.
781 3413 848 3450 87.

499 3474 511 3497 ‘
546 3473 728 3512 Porcium
786 3472 991 3524 Catonem]
1056 3470 1321 3519 Uticensem,

442 3534 554 3586 quod
578 3535 702 3575 victis
731 3536 929 3587 Pompeii
957 3535 1149 3587 partibus
1178 3533 1318 3573 Uticae

1388 2463 1469 2504 sibi
1489 2468 1669 2502 mortem
1701 2460 1984 2502 consciverit:
2025 2458 2038 2480 ‘
2061 2456 2170 2507 vir:
2202 2457 2267 2496 in·

1388 2526 1482 2578 quit
1518 2526 1728 2575 Velleius,
1773 2525 1785 2547 ‘
1804 2523 1955 2564 virtuti
1999 2519 2265 2561 simillimus?

1386 2589 1452 2629 De
1466 2589 1540 2628 illo
1559 2589 1680 2639 plura
1701 2588 1742 2627 in
1764 2592 1892 2638 gente
1911 2581 2083 2625 Porcia.

1439 2656 1459 2677 ¹²
1475 2651 1676 2691 Adversus
1703 2650 1940 2701 publicanos,
1964 2647 2051 2700 ξω]
2090 2645 2266 2686 Valerio

1387 2714 1602 2754 consentit
1634 2713 1852 2761 Velleius3
1898 2711 1986 2751 Dio
2022 2721 2105 2750 non
2143 2709 2265 2749 item.

1388 2777 1459 2816 Ita
1475 2777 1697 2816 Velleius:
1738 2774 1968 2815 Publicani
2000 2778 2048 2813 ut
2077 2772 2179 2826 quid
2210 2771 2265 2811 de

1387 2839 1671 2891 vectigalibus
1703 2839 1998 2878 remitteretur
2037 2835 2267 2887 petebant3

1389 2903 1473 2943 illis
1509 2902 1685 2942 favebat
1723 2902 1894 2951 Caesar3
1940 2900 2164 2953 quicquam
2197 2910 2264 2938 re-

1386 2965 1500 3006 mitti
1515 2965 1691 3006 nolebat
1706 2965 1841 3005 Cato:
1873 2973 2050 3015 cumque
2057 2961 2129 3014 jus
2148 2965 2266 3001 esset

1386 3029 1598 3081 Senatori,
1612 3036 1661 3069 ut
1684 3027 1939 3068 sententiam
1959 3031 2135 3078 rogatus
2150 3023 2264 3064 dice.-

1386 3098 1455 3132 ret
1473 3098 1589 3143 ante,
1609 3097 1654 3132 et
1671 3089 1873 3144 quicquid
1893 3089 2039 3138 vellet,
2059 3090 2106 3126 et
2123 3083 2262 3139 quoad

1387 3157 1521 3196 vellet
1535 3170 1548 3206 ;
1577 3157 1704 3206 longa
1719 3153 1928 3203 oratione,
1941 3162 1995 3190 ne
2012 3149 2114 3202 qnid
2130 3160 2184 3188 eo
2196 3148 2264 3187 die

1387 3219 1685 3269 conficeretur,
1710 3217 1821 3257 diem
1857 3212 2083 3254 trahebat:
2133 3222 2265 3264 quare

1388 3283 1534 3322 Caesar
1553 3293 1645 3321 eum
1676 3281 1718 3319 in
1748 3289 1965 3318 carcerem
1998 3274 2107 3315 trahi
2118 3274 2264 3325 jussit.

1384 3343 1719 3383 Publicanornm
1746 3342 1813 3380 hic
1834 3351 1916 3379 non
1945 3337 2139 3378 meminit
2159 3337 2265 3386 Dio,

1383 3405 1457 3444 sed
1478 3405 1587 3455 legis
1610 3403 1821 3455 Agrariae,
1849 3410 1976 3452 quam
1995 3399 2264 3451 promulgare

1388 3481 1482 3508 cum
1503 3473 1684 3519 cuperet
1703 3467 1871 3514 Caesar3
1901 3468 2050 3502 contra
2070 3472 2171 3500 vero
2189 3462 2264 3501 Se-

1388 3537 1512 3571 natus
1541 3529 1693 3580 omnis,
1719 3539 1772 3568 ne
1790 3527 1902 3566 illam
1919 3524 2068 3575 ferret,
2086 3523 2189 3564 alias
2209 3534 2264 3562 ex
