2352 4022
399 328 508 380 174
914 343 1176 381 VALERH
1221 342 1459 381 ΜΑΧΙΜΙ
1506 344 1622 401 mn.
1667 346 1703 382 ι.

399 462 607 529 spectis
635 475 879 528 aruspex
926 460 1069 512 tristi
1110 459 1284 523 vulta,
1323 463 1463 511 ‘non
1488 461 1707 529 placere
1747 461 1853 514 sibi
1894 467 2040 527 exta,
2079 467 2214 534 quia

399 546 577 613 prima
602 549 853 608 trunca,³⁵
892 543 1142 595 secunda
1166 545 1331 595 nimis
1357 545 1487 597 laeta
1514 546 1944 613 apparuissent,’
1980 564 2212 617 respon-

395 631 489 682 dit.
565 630 653 682 Ita
686 630 925 682 monitus
971 628 1051 680 M.
1075 628 1394 693 MarceUUS,
1421 647 1488 681 ne
1515 631 1647 698 quid
1675 636 1876 683 temere
1899 639 2212 695 conaretur,

366 714 708 781 insequenti
733 716 893 764 nocte
922 713 1244 781 speculandi
1271 714 1450 780 gratia
1488 730 1612 776 cum
1651 715 1850 782 paucis
1892 716 2073 783 egredi
2114 733 2213 769 au-

397 814 512 860 suS,
542 814 578 850 a
620 795 965 849 multitudine
989 795 1232 848 hostium
1259 798 1315 848 in
1341 795 1612 849 Bruttiisb
1647 798 2090 863 circumventus‚⁶
2137 817 2213 854 ae-

397 898 503 951 que
527 897 782 948 magnum
809 880 1075 945 dolorem,
1102 897 1168 933 ac
1193 882 1578 935 detrimentum
1605 883 1822 950 patriae,
1841 884 2063 936 interitu
2086 885 2213 937 suo*¹

400 963 600 1019 attulit.
2146 1013 2150 1016 .

466 1051 552 1102 10.
590 1050 722 1103 Jam
749 1049 1016 1103 Octavius
1032 1047 1113 1089 ³⁶⁸
1162 1051 1390 1104 consult
1434 1051 1613 1104 dirum
1651 1068 1814 1105 omen
1855 1051 2212 1120 quemadmo-

396 1135 524 1187 dum
560 1136 755 1198 timuit,
805 1135 888 1187 ita
931 1136 1105 1188 vitare
1153 1151 1261 1187 non
1303 1136 1503 1203 potuit.
1576 1136 1667 1188 Ex
1717 1137 2016 1189 simulacro
2066 1137 2214 1188 enim

394 1218 678 1288 Apollinis
702 1236 797 1287 per
823 1235 881 1271 se
907 1219 1143 1286 abrupto
1169 1220 1376 1286 capite,
1394 1226 1451 1271 et
1468 1220 1547 1273 ita
1560 1220 1736 1273 infixo
1754 1222 1902 1273 humi
1921 1226 1981 1273 ut
2005 1221 2213 1274 avelli³⁷

394 1304 661 1372 nequiret,
694 1304 863 1357 armis
891 1320 1015 1357 cum
1058 1303 1273 1371 collega
1313 1321 1414 1356 suo
1427 1303 1466 1342 ³⁸
1485 1301 1503 1333 f
1534 1305 1713 1358 Cinna
1735 1304 2031 1370 dissidens,
2067 1321 2214 1373 prae-

1162 1439 1187 1454 O

1431 1442 1456 1456 O

394 1526 441 1561 et
455 1522 737 1562 Veneta—35
767 1521 874 1562 Cod.
893 1520 1060 1561 Gembl.
1079 1520 1170 1573 quia
1184 1522 1391 1561 secundum
1404 1525 1626 1562 truncatam
1637 1536 1652 1570 ,·
1682 1523 1791 1563 alius
1810 1522 1937 1575 Pigh.
1969 1522 2060 1574 quia
2087 1521 2216 1574 prima

395 1579 477 1614 tam
495 1575 646 1626 tristia,
671 1577 836 1615 secunda
851 1579 931 1614 tam
949 1577 1068 1623 laeta5
1094 1574 1206 1614 unde
1225 1575 1314 1626 ille,
1342 1579 1424 1614 tam
1442 1580 1582 1615 trunca
1600 1576 1719 1626 legit.
1773 1577 1860 1616 Pro
1884 1580 2024 1616 trunca
2056 1576 2098 1615 in
2126 1576 2217 1628 qui-

397 1627 575 1668 busdam
593 1633 676 1677 est,
696 1632 902 1675 truncata‚·
932 1627 1056 1668 Leid.
1089 1631 1129 1668 8.
1162 1641 1187 1667 a
1219 1640 1275 1668 m.
1309 1640 1395 1668 sec.
1427 1629 1577 1669 tristia.
1634 1629 1819 1671 Quidam
1850 1629 1975 1670 codd.
1994 1630 2216 1678 omittunt,

395 1682 536 1721 nimis.-
564 1682 605 1720 in
621 1682 724 1721 Vet.
742 1683 908 1721 secunda
925 1683 1017 1721 loeta
1034 1681 1382 1732 apparuisse—36
1409 1683 1505 1722 Jam
1526 1683 1715 1722 Octavius
1734 1683 1893 1723 Brand.
1913 1686 1949 1723 1.
1970 1686 2013 1722 2.
2047 1687 2092 1722 et
2124 1683 2215 1732 plu-
2236 1699 2238 1701 >

396 1735 490 1774 rimi
508 1734 759 1774 Torreniani
777 1748 872 1775 cum
891 1735 990 1775 edd.
1009 1735 1141 1786 antiq.
1169 1736 1264 1774 Jam
1282 1738 1320 1774 et
1343 1735 1531 1776 Octavius
1551 1736 1727 1787 Pighius
1746 1743 1900 1776 contra
1918 1735 2043 1776 codd.
2071 1735 2214 1775 fldem.

398 1789 507 1827 Nam
528 1789 715 1828 Octavius
733 1789 778 1827 in
801 1788 894 1828 aliis
914 1788 1150 1828 eodm—37
1180 1788 1396 1827 oliverius
1414 1794 1460 1829 et
1489 1789 1731 1841 Ascensius,
1761 1790 1899 1836 evelli,·
1925 1789 2059 1829 ceteri
2085 1789 2216 1837 avelli,

397 1841 511 1892 quod
530 1840 621 1881 fere
641 1842 832 1882 omnibus
851 1841 1044 1882 firmatur
1064 1840 1298 1881 codd.-38
1327 1841 1456 1882 Aldd.
1479 1842 1614 1883 Colin.
1636 1843 1804 1895 Gryph.
1835 1849 1881 1883 et
1906 1843 2056 1895 Steph.
2087 1854 2113 1881 a
2142 1843 2218 1881 col·

395 1896 483 1945 lega
517 1907 614 1943 su05
656 1894 771 1949 quod
808 1895 1079 1936 retinuerunt
1109 1894 1305 1947 Pighius,
1341 1895 1496 1948 Delph.
1534 1896 1621 1936 alii.
1679 1896 1884 1937 Nostram
1919 1896 2024 1937 lect.
2054 1895 2216 1936 habent

1222 1989 1398 2031 NOTAE

396 2069 444 2110 C.
468 2072 562 2111 545.
609 2068 712 2110 Ant.
733 2069 809 2109 Ch.
833 2073 928 2110 20⁷.

449 2131 468 2159 b
486 2133 537 2172 In
551 2132 750 2184 Bruttiis]
770 2131 896 2184 Apud
918 2132 1113 2172 Lucanos
1131 2130 1274 2174 Brutii

397 2201 589 2248 pastores
607 2195 680 2235 diu
699 2194 832 2235 fuisse
853 2194 1072 2246 dicuntur,
1092 2194 1180 2246 qui,
1199 2205 1273 2234 ex-

395 2271 519 2299 cusso
539 2258 757 2298 servitutis
767 2258 876 2310 jugo
897 2264 1091 2310 tempore
1109 2258 1274 2311 Diony-

394 2323 446 2363 sii
461 2322 654 2373 senioris,
670 2327 786 2362 trans
807 2323 934 2362 Laum
954 2321 1128 2362 fluvium
1149 2322 1274 2364 sedes

396 2397 607 2437 posuere:
638 2385 750 2424 unde
770 2397 796 2424 a
816 2385 1003 2424 Lucanis
1037 2384 1143 2424 dicti
1177 2389 1276 2424 sunt

394 2447 575 2499 Βρέντιοι,
599 2447 713 2500 quod
732 2460 880 2487 eorum
906 2447 1053 2498 lingua
1071 2446 1275 2499 fugitivos

396 2517 545 2550 sonat:
578 2523 600 2550 a
619 2510 820 2550 Romanis
839 2522 942 2550 vero
967 2510 1124 2561 Brutii,
1154 2511 1277 2562 quasi

396 2573 540 2623 Bruti,
569 2572 776 2613 vecordes
806 2577 852 2613 et
881 2572 1060 2625 stupidi,
1083 2573 1195 2625 quod
1223 2572 1276 2613 ad

397 2634 657 2676 Annibalem
686 2635 987 2676 descivissent.
1043 2635 1083 2676 A
1121 2637 1276 2677 Bretto

396 2699 599 2740 Herculis
631 2698 718 2739 filio
766 2700 858 2739 vult
899 2710 1053 2739 nomen
1089 2699 1174 2739 illis
1213 2699 1276 2739 in-

395 2763 534 2803 ditum
579 2763 834 2814 stephanus.
903 2760 1071 2814 Βρέντιοι
1123 2763 1277 2802 Eusta-

396 2826 503 2877 thio,
543 2824 717 2878 Βρούτιοι
765 2826 1029 2875 Ptolemae03
1070 2826 1277 2866 Brutates

397 2890 546 2930 Festo.
614 2890 775 2930 Eorum
809 2901 912 2930 vero
950 2889 1081 2940 regio,
1126 2902 1221 2942 quae
1252 2901 1278 2928 a

398 2951 585 2992 Lucanis
631 2951 686 2992 ad
732 2951 888 2993 fletum
935 2952 1121 2992 Siculum
1162 2951 1277 2992 inter

397 3027 516 3055 mare
535 3016 799 3066 Tyrrhenum
832 3021 879 3056 et
904 3015 1049 3055 Sinum
1082 3015 1276 3055 Tarenti-

397 3090 498 3118 num
535 3078 802 3129 extenditur,
841 3077 1028 3130 Βρετανία
1073 3077 1276 3129 Polybio,

397 3140 581 3194 Βρεττεία
598 3141 815 3188 Straboni,
837 3141 1052 3191 Diodoro,
1079 3146 1125 3180 et
1146 3140 1275 3189 Athe-

398 3216 495 3244 naeo
514 3203 687 3244 dicitur.
730 3203 875 3244 Hodie
893 3204 956 3244 La
977 3202 1155 3242 Calabro.

452 3272 470 3294 e
514 3266 828 3318 Circumventus]
874 3266 996 3307 Inter
1033 3265 1199 3305 Punica
1232 3269 1278 3305 et

400 3331 595 3371 Romana
634 3334 775 3371 castra
822 3329 1011 3371 tumulus
1056 3326 1274 3380 sylvestris

400 3399 507 3443 erat,
548 3393 602 3434 ab
637 3393 801 3434 neutris
838 3392 973 3445 primo
1017 3396 1276 3443 occupatus3

401 3463 552 3509 postea
571 3464 715 3498 tamen
732 3456 918 3498 Annibal
943 3455 1105 3508 aliquot
1123 3453 1276 3494 Numi-

400 3520 551 3562 darum
570 3526 733 3562 turmas
753 3519 894 3561 medio
913 3519 956 3560 in
986 3517 1100 3560 saltu
1129 3514 1276 3558 condi·

1341 2069 1405 2110 dit
1422 2083 1434 2120 ;
1463 2082 1645 2124 cumque
1662 2069 1900 2111 fremerent
1919 2071 2047 2122 vulgo
2065 2069 2108 2110 ln
2129 2081 2219 2110 cas-

1341 2134 1420 2173 tris
1434 2133 1730 2185 occupandum
1745 2133 1863 2173 illum
1877 2133 2099 2182 tumulum,
2110 2134 2220 2173 Con-

1341 2196 1452 2237 sules
1472 2208 1569 2236 cum
1588 2196 1802 2250 equitibus
1819 2199 1913 2238 220.
1942 2204 1994 2236 eo
2032 2193 2221 2248 proficis·

1342 2266 1514 2300 cuntur.

1393 2321 1412 2348 ‘¹
1441 2323 1617 2363 Inter-itu
1633 2323 1722 2374 suo]
1751 2322 1836 2364 Ubi
1852 2322 1895 2362 in
1915 2322 2121 2362 tumulum
2150 2333 2221 2361 ve-

1342 2390 1498 2425 nerunt
1531 2386 1754 2437 Consules,
1783 2384 1985 2425 continuo
2020 2383 2218 2424 Numidae

1343 2448 1529 2488 elamore
1568 2449 1737 2488 sublato
1773 2447 1980 2500 impetum
2028 2445 2220 2494 faciuntt

1345 2511 1551 2552 Hetrusci
1597 2514 1687 2552 180.
1736 2509 1935 2562 fugiunt3
1975 2509 2220 2562 Fregellani

1345 2578 1487 2612 tamen
1524 2577 1592 2613 40.
1637 2572 1811 2613 fortiter
1860 2571 2091 2624 pugnando
2129 2582 2219 2610 rem

1344 2637 1659 2687 sustinuerunt3
1688 2635 1763 2676 sed
1781 2640 2007 2688 postquam
2028 2634 2221 2676 vulnera-

1344 2706 1411 2740 tos
1431 2699 1574 2739 ambos
1588 2699 1809 2750 Consules,
1823 2697 2079 2737 Marcellum
2090 2696 2221 2736 etism

1345 2762 1596 2803 transfixum
1633 2763 1782 2802 lancea
1822 2758 2114 2812 prolabentem
2165 2769 2219 2798 ex

1345 2837 1458 2878 equo
1490 2825 1787 2865 moribundum
1822 2822 1986 2873 videre,
2012 2820 2095 2872 ipsi
2123 2833 2219 2861 cum

1346 2887 1545 2939 Crispino
1565 2885 1823 2937 effugerunt.
1877 2884 1949 2924 Sic
1969 2883 2115 2925 Livius
2143 2882 2221 2924 lib.

1345 2961 1500 2991 xxvn.
1528 2955 1573 2989 et
1594 2949 1707 2989 Plut.
1729 2949 1771 2988 in
1790 2947 2017 2988 Marcello.

1396 3018 1414 3039 e
1446 3011 1653 3062 Octavius]
1679 3012 1746 3050 Ex
1777 3010 1912 3051 nobili
1938 3008 2225 3050 Octaviorum.

1343 3081 1487 3127 gente,
1517 3087 1612 3128 quae
1633 3087 1659 3114 a
1675 3075 1908 3128 Tarquinio
1936 3073 2089 3113 Prisco
2102 3072 2219 3112 Veli-

1343 3137 1422 3178 tris
1458 3143 1552 3178 orta
1597 3137 1711 3177 inter
1745 3137 1954 3178 Romanas
1988 3139 2158 3187 gentes,
2195 3145 2221 3174 a

1343 3202 1495 3243 Servio
1511 3201 1647 3242 Tullio
1668 3200 1784 3241 inter
1803 3198 2004 3252 patricias
2039 3197 2217 3237 allecta:

1346 3264 1421 3305 sed
1440 3264 1493 3304 de
1512 3264 1577 3304 his
1598 3263 1767 3304 uberius
1789 3261 1833 3301 in
1853 3261 2138 3302 Romanorum
2157 3257 2219 3298 fa-

1343 3327 1469 3368 miliis
1484 3325 1776 3366 disseruimus.

1398 3394 1417 3438 ss
1445 3387 1530 3430 An.
1550 3389 1614 3429 M.
1633 3390 1754 3428 3967.
1802 3385 1874 3428 01.
1903 3387 1996 3426 173.
2027 3387 2068 3425 2.
2111 3382 2218 3424 Urb.

1345 3453 1395 3495 C.
1415 3455 1509 3492 666.
1556 3450 1659 3490 Ant.
1680 3449 1757 3491 Ch.
1778 3452 1846 3490 86.

1399 3512 1417 3539 f
1441 3514 1542 3555 Cum
1559 3513 1707 3565 collega
1723 3511 1815 3565 suo]
1832 3511 1970 3553 Cinna
1987 3510 2059 3564 qui
2080 3523 2104 3551 a
2123 3509 2220 3551 Ma-
