2352 4022
710 329 843 369 cAP.
869 328 952 367 vi,
994 328 1073 370 na
1114 326 1452 369 monicus.
1884 314 1991 367 175

169 450 370 504 sumsit
409 450 615 515 anim0,
653 467 720 506 ea
756 466 815 503 re
866 448 1170 517 significari
1209 449 1439 502 exitium
1488 463 1668 510 suum,
1717 447 1776 499 in
1822 451 1991 516 quod,

168 541 313 590 metu
331 543 373 577 ³9
410 539 643 606 augurii,
678 539 822 592 tristi
871 537 981 589 fine
1020 535 1152 588 vitae
1174 541 1196 572 ⁸
1230 534 1460 588 incidit:
1499 551 1564 588 ac
1605 539 1726 587 tum
1770 533 1993 587 demum

167 622 454 676 immobile
479 625 589 677 Dei
617 632 792 694 caput
815 629 960 677 terra
982 621 1140 689 refigi
1161 620 1358 689 potuit.

238 707 326 760 11.
371 708 498 762 Non
523 711 653 764 sinit
675 726 778 764 nos
805 709 886 762 M.
907 708 1144 762 Crassus
1151 706 1193 773 ‚¹¹
1228 708 1374 760 inter
1397 705 1758 774 gravissimas
1783 705 1996 760 Roma-

169 793 227 845 ni
243 799 292 831 40
327 794 543 863 imperii
561 795 811 865 jacturas
831 794 1220 857 numerandus,
1244 793 1349 845 hoc
1375 793 1506 845 loco
1534 792 1603 845 de
1627 809 1686 844 se
1712 792 1994 846 silentium

170 894 329 946 agere
349 878 381 932 :⁶
407 881 662 948 plurimis
680 885 735 934 et
749 878 1176 933 evidentissimis
1205 884 1336 930 ante
1360 882 1575 931 tantam
1599 878 1814 931 ruinam
1840 896 1997 932 mon-

171 970 405 1017 strorum
430 965 681 1033 pulsatus
706 965 935 1019 ictibus.
1007 964 1293 1018 Ducturus
1331 968 1446 1016 erat
1479 979 1514 1015 a
1548 958 1737 1016 Carris
1754 961 1777 992 ἰ·
1803 964 1998 1018 adver-

223 1127 238 1155 *
265 1130 330 1170 M.
350 1130 487 1170 Crassi
501 1130 633 1171 exitus
649 1130 913 1183 deplorabilis,
931 1131 1190 1172 numerandus
1206 1129 1314 1171 inter
1329 1131 1523 1171 maximas
1538 1132 1669 1172 clades
1683 1132 1809 1172 nostri
1827 1131 1998 1184 imperii,

169 1195 246 1223 non
259 1183 415 1234 patitur
432 1197 503 1225 nos
519 1186 638 1226 silere
656 1187 703 1225 de
721 1197 762 1225 se
786 1186 855 1225 hoc
873 1187 952 1225 loco
963 1198 980 1233 ;
1005 1197 1091 1226 cum
1106 1185 1286 1236 graviter
1315 1186 1536 1226 admonitus
1557 1186 1693 1235 fuerit
1722 1190 1816 1227 ante
1846 1191 2000 1232 tantum

167 1237 431 1279 amntem
448 1239 750 1280 evidentissimis
760 1240 972 1292 prodigiis.

933 1359 960 1374 O

1213 1359 1235 1374 θ

174 1437 336 1480 Brand.
358 1442 395 1480 1.
413 1443 455 1480 2.
476 1452 622 1481 omnes
642 1441 820 1482 Torren.
836 1443 937 1482 Vct.
957 1443 1079 1495 Mog.
1094 1443 1271 1483 Venett.
1288 1444 1325 1482 1.
1340 1445 1380 1482 2.
1392 1445 1431 1481 3.
1448 1444 1489 1482 4.
1503 1446 1543 1483 5.
1560 1441 1739 1482 Mediol.
1751 1446 1797 1482 et
1812 1441 1999 1493 Herbip.

171 1496 280 1534 -89
307 1493 432 1545 Pigh.
451 1494 614 1535 edidit:
644 1495 811 1536 exitium
828 1508 956 1546 suum,
982 1498 1027 1536 in
1043 1498 1144 1548 quod
1161 1500 1286 1536 metus
1301 1496 1490 1545 augurii;
1520 1508 1702 1548 eumque
1732 1497 1872 1536 secuti
1903 1501 2003 1535 sunt

172 1546 349 1587 Colerus
367 1547 552 1600 aliiqne;
580 1555 624 1588 et
644 1549 705 1589 sic
727 1562 897 1602 quoque
917 1550 1048 1602 Thys.
1066 1550 1228 1601 Delph.
1250 1555 1296 1590 et
1316 1550 1482 1590 Minell.
1501 1549 1583 1589 nisi
1611 1549 1725 1602 quod
1757 1550 2003 1589 maluerunt

170 1604 291 1640 metu.
331 1599 464 1641 Multi
496 1601 624 1642 codd.
650 1614 747 1643 cum
760 1604 941 1644 Venett.
973 1603 1104 1646 Aldd.
1137 1604 1276 1644 Colin.
1309 1603 1455 1644 Chalc.
1487 1609 1533 1643 et
1566 1603 1750 1654 Herbip.
1780 1603 2006 1655 significari

171 1653 321 1694 exitum
338 1656 510 1695 suumin
527 1668 638 1708 quem
656 1661 781 1697 metus
797 1658 973 1708 augurii.
1005 1658 1142 1699 Codd.
1176 1657 1339 1698 Brand.
1369 1657 1593 1710 significari
1624 1658 1790 1698 exitium
1820 1670 1932 1697 suum
1960 1657 2004 1696 in

170 1719 283 1759 quem
299 1713 425 1748 metus
441 1709 629 1760 augurii;
658 1717 701 1750 et
720 1711 774 1751 ab
790 1712 875 1751 alia
895 1724 1037 1763 manu,
1063 1717 1184 1752 metu.
1240 1713 1404 1752 Vocem
1433 1712 1585 1751 exitum
1616 1711 1774 1764 probat
1787 1710 2005 1752 Vorstius.

172 1761 311 1802 Codd.
344 1762 543 1803 Perizon.
574 1763 751 1816 habent,
782 1765 934 1806 exitum
959 1771 1005 1806 et
1032 1771 1176 1806 metum
1187 1779 1203 1812 ‚·
1231 1766 1343 1805 unde
1376 1764 1450 1805 ille
1483 1765 1607 1817 legit,
1633 1766 1675 1805 in
1702 1778 1812 1816 quem
1841 1769 1999 1805 metum.

173 1813 392 1856 oliverius
424 1817 577 1868 edidit,
606 1818 774 1859 exitium
806 1820 850 1859 in
880 1832 1020 1871 quem3
1058 1819 1212 1871 Steph.
1240 1827 1285 1859 et
1315 1819 1484 1871 Gryph.
1516 1826 1564 1859 ut
1596 1820 1639 1859 in
1658 1820 1820 1871 Ultraj.
1840 1823 1937 1860 1.2.
1959 1823 2006 1858 et

170 1870 382 1910 nonnullis
402 1871 494 1910 aliis
523 1871 693 1912 exitium
723 1885 848 1922 suum,
880 1874 924 1914 in
954 1885 1078 1925 quem.
1122 1874 1229 1913 Tres
1260 1874 1441 1913 Torren.
1471 1874 1649 1923 habent,
1677 1886 1796 1914 manu
1829 1872 2006 1923 augurii.

173 1921 336 1962 ‘Forte
366 1924 477 1964 viam
498 1924 563 1964 ·ad
596 1937 739 1966 veram
767 1927 895 1979 hujus
929 1928 1013 1967 loci
1048 1928 1453 1978 interpretationem
1489 1928 1646 1967 sternit
1685 1928 1784 1967 Vet.
1817 1939 1912 1980 quae
1946 1927 2007 1965 ita

169 1975 331 2016 habet:
360 1978 528 2019 exitium
544 1991 671 2020 suum.
726 1981 778 2020 In
795 1993 904 2032 quem
921 1985 1049 2021 metus
1065 1981 1293 2032 augurium,
1312 1983 1380 2033 &aa
1407 1987 1454 2021 ut
1474 1992 1578 2032 ergo
1600 1980 1816 2022 referatur
1832 1981 1874 2020 in
1893 1992 2007 2033 quem

171 2027 226 2069 ad
247 2030 469 2080 Octavium,
496 2037 542 2072 et
561 2044 710 2074 sensus
730 2035 815 2074 sit:
847 2035 1032 2075 Octavio
1064 2036 1307 2087 augurium,
1338 2034 1453 2086 quod
1483 2041 1716 2085 metuerat,
1744 2033 1913 2084 incidit,
1941 2034 2006 2073 uti

172 2082 309 2123 tristis
328 2085 431 2126 vitae
447 2085 543 2126 finis
561 2087 673 2127 illins
693 2087 873 2128 docuit!
902 2090 1143 2141 Kapp.-—40
1173 2089 1324 2140 Camp.
1342 2089 1505 2141 Ultraj.
1527 2092 1567 2128 2.
1587 2096 1633 2129 et
1650 2090 1751 2130 Vet.
1774 2088 1902 2128 nostri
1933 2087 2008 2127 im·

167 2137 297 2189 perii.-
325 2138 490 2180 Brand.
509 2146 557 2181 et
575 2141 711 2181 ceteri
730 2141 857 2183 codd.
876 2154 972 2182 cum
992 2141 1091 2182 edd.
1113 2148 1220 2184 vett.
1236 2142 1414 2195 habent,
1428 2142 1722 2184 Romani.—41
1751 2142 1823 2183 Ita
1837 2140 2004 2182 Brand.

999 2250 1042 2291 N
1046 2250 1178 2291 0¹1¹AE

169 2339 314 2392 tinnis,
343 2346 393 2382 ut
412 2341 472 2382 ait
498 2341 738 2395 Appianus,
758 2343 940 2395 pecunia
959 2354 1051 2383 cor-

170 2408 326 2456 ruptus
343 2403 487 2445 datam
505 2405 634 2457 Synae
662 2404 792 2445 fidem
811 2418 908 2446 cum
928 2404 1049 2446 fefel-

167 2467 317 2519 lisset;
343 2469 501 2509 multos
518 2469 661 2509 Italiae
681 2470 860 2522 populos
885 2482 962 2523 spe
991 2469 1049 2510 ci·

167 2530 316 2572 vitatis
333 2532 377 2572 in
395 2533 546 2573 urbem
566 2533 722 2575 accivit
740 2547 750 2574 :
780 2534 857 2574 sed
883 2534 938 2574 ab
960 2533 1048 2574 Oc-

170 2595 288 2635 tavio
332 2595 514 2648 aliisque
559 2596 724 2637 civibus
771 2609 867 2638 cum
905 2597 1050 2638 Italici

147 2656 233 2697 villi
258 2656 353 2698 foro
386 2658 534 2710 eiecti,
558 2659 874 2713 Tribunusque‚
902 2673 956 2700 ne
989 2661 1050 2702 le·

169 2732 267 2774 gem
298 2720 451 2773 ferret,
481 2722 747 2774 prohibitus3
791 2728 881 2763 tum
916 2724 1051 2765 Cinna

168 2785 264 2838 ipse
300 2786 446 2838 pulsus
478 2786 604 2837 urbe,
634 2787 771 2837 bonis,
812 2789 1053 2840 consulatu,

169 2849 403 2894 honoribus
439 2850 650 2903 privatus,
675 2851 800 2905 eique
840 2849 1051 2893 suffectus

172 2911 395 2952 Cornelius
411 2913 599 2953 Merula.

225 2980 249 3010 3
277 2975 498 3028 Tristi-fine
514 2977 629 3029 oitoe]
657 2976 729 3018 Ab
748 2978 942 3019 exercitu
963 2979 1052 3020 No·

171 3040 270 3080 lano
289 3045 489 3092 receptus
503 3041 657 3091 Cinna,
669 3042 832 3094 junctis
849 3055 943 3084 cum
960 3044 1053 3084 Ma·

173 3103 433 3155 rioviribus,
464 3104 609 3145 urbem
643 3106 836 3147 invadit:
883 3107 926 3147 in
966 3120 1052 3161 qua

170 3177 223 3206 ea
240 3166 353 3219 lege,
380 3179 437 3207 ne
465 3168 509 3208 in
541 3168 656 3209 cives
679 3169 868 3222 saeviret,
896 3170 1051 3212 admis-

170 3241 241 3272 sus
261 3235 355 3271 est:
385 3231 603 3282 pollicitus
633 3244 679 3273 se
703 3233 913 3274 scientem
939 3247 1050 3276 mor·

172 3292 438 3334 tis-causam
470 3292 566 3335 fore
602 3296 778 3348 nemini,
819 3297 1050 3339 Octavium

172 3353 396 3396 discedere
408 3357 560 3408 jussit,
588 3359 675 3411 qui,
694 3371 790 3400 cum
809 3360 1054 3413 Consulem,

174 3428 300 3470 quam
316 3417 543 3470 fugitivum
563 3433 694 3472 agere
713 3423 875 3476 mallet,
902 3436 926 3464 a
943 3423 1052 3465 Cen·

174 3480 316 3520 sor-ino
335 3481 516 3533 quodam
533 3483 680 3525 Cinnae
701 3485 825 3534 duce,
839 3487 879 3538 ej
887 3487 1052 3528 uadem·

174 3555 256 3598 que
277 3544 416 3597 jussu,
442 3551 491 3585 ut
509 3553 656 3588 auctor
686 3555 754 3588 est
772 3549 978 3603 Velleius,
1006 3550 1049 3590 in

1119 2343 1330 2383 consulari
1368 2342 1519 2383 habitu
1552 2347 1598 2383 et
1630 2344 1736 2383 sella
1768 2343 1905 2383 curuli
1935 2355 2005 2384 ca-

1117 2406 1210 2458 pite
1231 2411 1454 2446 truncatus
1473 2411 1555 2447 est.
1595 2407 1738 2458 Caput
1754 2406 1809 2446 ad
1824 2406 2005 2447 Cinnam

1118 2469 1321 2521 delatum,
1338 2471 1525 2522 primum
1544 2480 1623 2522 pro
1645 2469 1795 2509 rostris
1817 2470 2006 2521 positum

1117 2539 1201 2573 est.

1170 2595 1189 2622 ¹²
1208 2597 1272 2639 M.
1293 2595 1480 2648 Crassus]
1501 2597 1568 2636 Ex
1589 2595 1722 2636 nobili
1742 2595 2005 2637 Liciniorum

1117 2664 1362 2713 stemmate,
1374 2661 1661 2701 Romanorum
1679 2660 1867 2700 omnium
1887 2660 2010 2702 ditis-

1118 2725 1265 2777 simus,
1284 2725 1502 2776 ovatione,
1522 2725 1684 2777 duplici
1704 2725 1948 2775 consulatu,
1961 2731 2008 2765 et

1118 2800 1301 2830 censura
1314 2789 1507 2842 insignis,
1519 2789 1675 2842 juncta
1688 2802 1784 2830 cum
1795 2789 2008 2841 Pompeio

1119 2858 1165 2892 et
1186 2853 1359 2894 Caesare
1381 2853 1609 2905 societate,
1628 2858 1678 2894 ut
1696 2853 1838 2894 omnia
1857 2853 1912 2893 ad
1932 2865 2008 2895 nu-

1118 2921 1209 2957 tum
1228 2922 1447 2968 regerent,
1465 2916 1650 2958 Galliam
1667 2918 1831 2969 Caesar,
1846 2916 2005 2969 Hispa-

1118 2981 1234 3020 niam
1269 2980 1521 3033 Pompeius‚
1557 2980 1651 3033 ipse
1686 2981 1854 3034 Syriam
1892 2980 2005 3019 obti-

1118 3043 1235 3084 nuit:
1281 3043 1560 3097 Faunisque,
1591 3043 1754 3084 Orodis
1793 3042 2004 3082 thesauris

1117 3106 1299 3159 inhians,
1327 3109 1443 3148 nulla
1462 3119 1592 3148 causa
1625 3107 1783 3148 bellum
1816 3105 2003 3146 indixit:

1119 3172 1133 3194 ‘
1151 3171 1248 3212 Nisi
1270 3171 1490 3224 eguisset,’
1518 3171 1661 3224 inquit
1677 3170 1846 3220 Cicero,
1866 3170 1878 3192 ‘
1899 3180 2006 3208 nun-

1117 3247 1245 3289 quam
1280 3236 1549 3289 Euphratem
1583 3235 1702 3274 nulla
1736 3233 1838 3274 belli
1873 3243 2005 3272 causa

1119 3298 1302 3340 transire
1322 3297 1559 3340 voluisset!

1172 3360 1183 3389 ¹
1210 3364 1244 3402 Α
1288 3362 1447 3414 Carris]
1498 3360 1617 3401 Urbe
1654 3357 2002 3410 Mesopotamiae,

1117 3424 1187 3464 cui
1207 3424 1367 3465 Carrha
1384 3424 1520 3476 Syriae
1540 3420 1694 3461 fluvius
1715 3433 1870 3462 nomen
1895 3419 2004 3462 fecit

1116 3499 1173 3528 ex
1190 3490 1428 3542 Stephano.
1486 3486 1631 3528 Hodie
1655 3485 1773 3536 Orsa.
