<?xml version="1.0" encoding="UTF-8"?>
<!DOCTYPE html PUBLIC "-//W3C//DTD XHTML 1.0 Transitional//EN"
    "http://www.w3.org/TR/xhtml1/DTD/xhtml1-transitional.dtd">
<html xmlns="http://www.w3.org/1999/xhtml" xml:lang="en" lang="en">
 <head>
  <title>
</title>
<meta http-equiv="Content-Type" content="text/html;charset=utf-8" />
  <meta name='ocr-system' content='tesseract 3.04.00' />
  <meta name='ocr-capabilities' content='ocr_page ocr_carea ocr_par ocr_line ocrx_word'/>
</head>
<body>
  <div class='ocr_page' id='page_1' title='image "./factorumdictorum01valeuoft_0347.png"; bbox 0 0 2352 4022; ppageno 0'>
   <div class='ocr_carea' id='block_1_1' title="bbox 614 313 1937 369">
    <p class='ocr_par' dir='ltr' id='par_1_1' title="bbox 614 313 1937 369">
     <span class='ocr_line' id='line_1_1' title="bbox 614 313 1937 369; baseline -0.002 0"><span class='ocrx_word' id='word_1_1' title='bbox 614 329 746 369; x_wconf 74' lang='lat' dir='ltr'><strong>cAi’.</strong></span> <span class='ocrx_word' id='word_1_2' title='bbox 775 329 840 368; x_wconf 82' lang='grc' dir='ltr'><strong>ιι.</strong></span> <span class='ocrx_word' id='word_1_3' title='bbox 884 329 960 368; x_wconf 77' lang='lat' dir='ltr'><strong>ns</strong></span> <span class='ocrx_word' id='word_1_4' title='bbox 1002 326 1451 367; x_wconf 59' lang='lat' dir='ltr'><strong>nourrii-unius.</strong></span> <span class='ocrx_word' id='word_1_5' title='bbox 1830 313 1937 368; x_wconf 85' lang='lat'><strong>333</strong></span> 
     </span>
    </p>
   </div>
   <div class='ocr_carea' id='block_1_2' title="bbox 115 443 1939 855">
    <p class='ocr_par' dir='ltr' id='par_1_2' title="bbox 115 443 1939 855">
     <span class='ocr_line' id='line_1_2' title="bbox 129 443 1935 519; baseline -0.002 -17"><span class='ocrx_word' id='word_1_6' title='bbox 129 459 240 519; x_wconf 84' lang='lat' dir='ltr'><strong>que</strong></span> <span class='ocrx_word' id='word_1_7' title='bbox 266 447 323 501; x_wconf 92' lang='lat' dir='ltr'><strong>id</strong></span> <span class='ocrx_word' id='word_1_8' title='bbox 350 448 479 516; x_wconf 91' lang='lat' dir='ltr'><strong>egit,</strong></span> <span class='ocrx_word' id='word_1_9' title='bbox 505 453 566 501; x_wconf 90' lang='lat' dir='ltr'><strong>ut</strong></span> <span class='ocrx_word' id='word_1_10' title='bbox 591 447 961 501; x_wconf 84' lang='lat' dir='ltr'><strong>Athenienses</strong></span> <span class='ocrx_word' id='word_1_11' title='bbox 986 446 1220 499; x_wconf 89' lang='lat' dir='ltr'><strong>finitimo</strong></span> <span class='ocrx_word' id='word_1_12' title='bbox 1245 445 1518 515; x_wconf 88' lang='lat' dir='ltr'><strong>implicati</strong></span> <span class='ocrx_word' id='word_1_13' title='bbox 1540 443 1733 496; x_wconf 84' lang='lat' dir='ltr'><strong>bellom</strong></span> <span class='ocrx_word' id='word_1_14' title='bbox 1769 445 1935 498; x_wconf 89' lang='lat' dir='ltr'><strong>ratio-</strong></span> 
     </span>
     <span class='ocr_line' id='line_1_3' title="bbox 126 528 1937 602; baseline -0.001 -18"><span class='ocrx_word' id='word_1_15' title='bbox 126 533 294 586; x_wconf 88' lang='lat' dir='ltr'><strong>nibus</strong></span> <span class='ocrx_word' id='word_1_16' title='bbox 319 533 606 602; x_wconf 86' lang='lat' dir='ltr'><strong>exigendis</strong></span> <span class='ocrx_word' id='word_1_17' title='bbox 629 550 739 586; x_wconf 92' lang='lat' dir='ltr'><strong>non</strong></span> <span class='ocrx_word' id='word_1_18' title='bbox 765 535 1045 586; x_wconf 86' lang='lat' dir='ltr'><strong>vacarent.</strong></span> <span class='ocrx_word' id='word_1_19' title='bbox 1098 530 1206 583; x_wconf 87' lang='lat' dir='ltr'><strong>Sed</strong></span> <span class='ocrx_word' id='word_1_20' title='bbox 1233 531 1468 583; x_wconf 87' lang='lat' dir='ltr'><strong>viderint</strong></span> <span class='ocrx_word' id='word_1_21' title='bbox 1487 528 1740 592; x_wconf 87' lang='lat' dir='ltr'><strong>Athenae,</strong></span> <span class='ocrx_word' id='word_1_22' title='bbox 1759 534 1937 583; x_wconf 88' lang='lat' dir='ltr'><strong>utrum</strong></span> 
     </span>
     <span class='ocr_line' id='line_1_4' title="bbox 124 613 1938 684; baseline -0.002 -15"><span class='ocrx_word' id='word_1_23' title='bbox 124 615 480 671; x_wconf 86' lang='lat' dir='ltr'><strong>Alcibiadem</strong></span> <span class='ocrx_word' id='word_1_24' title='bbox 504 618 881 679; x_wconf 83' lang='lat' dir='ltr'><strong>lamententur,</strong></span> <span class='ocrx_word' id='word_1_25' title='bbox 906 631 976 667; x_wconf 92' lang='lat' dir='ltr'><strong>an</strong></span> <span class='ocrx_word' id='word_1_26' title='bbox 1003 615 1329 682; x_wconf 85' lang='lat' dir='ltr'><strong>glorientur:</strong></span> <span class='ocrx_word' id='word_1_27' title='bbox 1369 615 1627 684; x_wconf 89' lang='lat' dir='ltr'><strong>quoniam</strong></span> <span class='ocrx_word' id='word_1_28' title='bbox 1652 613 1829 666; x_wconf 87' lang='lat' dir='ltr'><strong>adhuc</strong></span> <span class='ocrx_word' id='word_1_29' title='bbox 1856 614 1938 665; x_wconf 90' lang='lat' dir='ltr'><strong>in-</strong></span> 
     </span>
     <span class='ocr_line' id='line_1_5' title="bbox 123 699 1939 756; baseline -0.002 0"><span class='ocrx_word' id='word_1_30' title='bbox 123 709 210 756; x_wconf 85' lang='lat' dir='ltr'><strong>ter</strong></span> <span class='ocrx_word' id='word_1_31' title='bbox 251 703 656 756; x_wconf 84' lang='lat' dir='ltr'><strong>execrationem</strong></span> <span class='ocrx_word' id='word_1_32' title='bbox 688 701 930 754; x_wconf 88' lang='lat' dir='ltr'><strong>hominis</strong></span> <span class='ocrx_word' id='word_1_33' title='bbox 975 706 1031 752; x_wconf 90' lang='lat' dir='ltr'><strong>et</strong></span> <span class='ocrx_word' id='word_1_34' title='bbox 1069 699 1491 752; x_wconf 89' lang='lat' dir='ltr'><strong>admirationem</strong></span> <span class='ocrx_word' id='word_1_35' title='bbox 1532 699 1699 752; x_wconf 90' lang='lat' dir='ltr'><strong>dubio</strong></span> <span class='ocrx_word' id='word_1_36' title='bbox 1737 699 1939 752; x_wconf 89' lang='lat' dir='ltr'><strong>mentis</strong></span> 
     </span>
     <span class='ocr_line' id='line_1_6' title="bbox 115 785 783 855; baseline -0.003 -14"><span class='ocrx_word' id='word_1_37' title='bbox 115 786 333 855; x_wconf 88' lang='lat' dir='ltr'><strong>judicio</strong></span> <span class='ocrx_word' id='word_1_38' title='bbox 357 789 691 840; x_wconf 63' lang='lat' dir='ltr'><strong>fluctuatur!</strong></span> <span class='ocrx_word' id='word_1_39' title='bbox 704 785 749 818; x_wconf 84' lang='lat'><strong>²⁶</strong></span> <span class='ocrx_word' id='word_1_40' title='bbox 764 792 783 831; x_wconf 73' lang='lat' dir='ltr'><strong>&#39;r</strong></span> 
     </span>
    </p>
   </div>
   <div class='ocr_carea' id='block_1_3' title="bbox 121 920 1941 1019">
    <p class='ocr_par' dir='ltr' id='par_1_3' title="bbox 121 920 1941 1019">
     <span class='ocr_line' id='line_1_7' title="bbox 172 920 1941 975; baseline 0.002 -15"><span class='ocrx_word' id='word_1_41' title='bbox 172 931 196 960; x_wconf 79' lang='lat' dir='ltr'><strong>e</strong></span> <span class='ocrx_word' id='word_1_42' title='bbox 226 923 420 971; x_wconf 75' lang='lat' dir='ltr'><strong>Quoniam</strong></span> <span class='ocrx_word' id='word_1_43' title='bbox 437 923 646 964; x_wconf 74' lang='lat' dir='ltr'><strong>etiamnum</strong></span> <span class='ocrx_word' id='word_1_44' title='bbox 657 922 807 964; x_wconf 78' lang='lat' dir='ltr'><strong>incerta</strong></span> <span class='ocrx_word' id='word_1_45' title='bbox 822 926 949 962; x_wconf 82' lang='lat' dir='ltr'><strong>mente</strong></span> <span class='ocrx_word' id='word_1_46' title='bbox 961 920 1142 961; x_wconf 80' lang='lat' dir='ltr'><strong>dubitant</strong></span> <span class='ocrx_word' id='word_1_47' title='bbox 1163 920 1416 962; x_wconf 77' lang='lat' dir='ltr'><strong>Athenienses</strong></span> <span class='ocrx_word' id='word_1_48' title='bbox 1425 934 1476 962; x_wconf 82' lang='lat' dir='ltr'><strong>an</strong></span> <span class='ocrx_word' id='word_1_49' title='bbox 1493 921 1734 963; x_wconf 76' lang='lat' dir='ltr'><strong>Alcibiadem</strong></span> <span class='ocrx_word' id='word_1_50' title='bbox 1746 923 1941 975; x_wconf 75' lang='lat' dir='ltr'><strong>execrari,</strong></span> 
     </span>
     <span class='ocr_line' id='line_1_8' title="bbox 121 976 592 1019; baseline -0.004 0"><span class='ocrx_word' id='word_1_51' title='bbox 121 981 192 1019; x_wconf 71' lang='lat' dir='ltr'><strong>aut</strong></span> <span class='ocrx_word' id='word_1_52' title='bbox 208 977 400 1019; x_wconf 77' lang='lat' dir='ltr'><strong>admirari</strong></span> <span class='ocrx_word' id='word_1_53' title='bbox 416 976 592 1017; x_wconf 82' lang='lat' dir='ltr'><strong>debeant.</strong></span> 
     </span>
    </p>
   </div>
   <div class='ocr_carea' id='block_1_4' title="bbox 870 1040 1164 1056">
    <p class='ocr_par' dir='ltr' id='par_1_4' title="bbox 870 1040 1164 1056">
     <span class='ocr_line' id='line_1_9' title="bbox 870 1040 1164 1056; baseline -0.003 0"><span class='ocrx_word' id='word_1_54' title='bbox 870 1040 1164 1056; x_wconf 55' lang='lat' dir='ltr'><strong>OOOOOOOOOOO</strong></span> 
     </span>
    </p>
   </div>
   <div class='ocr_carea' id='block_1_5' title="bbox 121 1108 1940 1217">
    <p class='ocr_par' dir='ltr' id='par_1_5' title="bbox 121 1108 1940 1217">
     <span class='ocr_line' id='line_1_10' title="bbox 121 1108 1940 1163; baseline -0.001 -11"><span class='ocrx_word' id='word_1_55' title='bbox 121 1111 247 1152; x_wconf 76' lang='lat' dir='ltr'><strong>Harl.</strong></span> <span class='ocrx_word' id='word_1_56' title='bbox 266 1116 314 1151; x_wconf 82' lang='lat' dir='ltr'><strong>et</strong></span> <span class='ocrx_word' id='word_1_57' title='bbox 330 1111 486 1162; x_wconf 87' lang='lat' dir='ltr'><strong>Copes.</strong></span> <span class='ocrx_word' id='word_1_58' title='bbox 515 1110 820 1163; x_wconf 53' lang='lat' dir='ltr'><strong>implicita—26</strong></span> <span class='ocrx_word' id='word_1_59' title='bbox 847 1108 919 1149; x_wconf 84' lang='lat' dir='ltr'><strong>Ita</strong></span> <span class='ocrx_word' id='word_1_60' title='bbox 950 1121 1096 1149; x_wconf 88' lang='lat' dir='ltr'><strong>omnes</strong></span> <span class='ocrx_word' id='word_1_61' title='bbox 1124 1108 1251 1150; x_wconf 90' lang='lat' dir='ltr'><strong>codd.</strong></span> <span class='ocrx_word' id='word_1_62' title='bbox 1284 1113 1330 1150; x_wconf 89' lang='lat' dir='ltr'><strong>et</strong></span> <span class='ocrx_word' id='word_1_63' title='bbox 1361 1108 1459 1149; x_wconf 86' lang='lat' dir='ltr'><strong>edd.</strong></span> <span class='ocrx_word' id='word_1_64' title='bbox 1491 1113 1589 1149; x_wconf 83' lang='lat' dir='ltr'><strong>ante</strong></span> <span class='ocrx_word' id='word_1_65' title='bbox 1619 1109 1836 1163; x_wconf 86' lang='lat' dir='ltr'><strong>Pighium,</strong></span> <span class='ocrx_word' id='word_1_66' title='bbox 1864 1110 1940 1163; x_wconf 89' lang='lat' dir='ltr'><strong>qui</strong></span> 
     </span>
     <span class='ocr_line' id='line_1_11' title="bbox 123 1162 1183 1217; baseline -0.007 -11"><span class='ocrx_word' id='word_1_67' title='bbox 123 1165 291 1217; x_wconf 74' lang='lat' dir='ltr'><strong>maluit,</strong></span> <span class='ocrx_word' id='word_1_68' title='bbox 308 1162 577 1217; x_wconf 78' lang='lat' dir='ltr'><strong>fluctuantur.</strong></span> <span class='ocrx_word' id='word_1_69' title='bbox 1180 1162 1183 1165; x_wconf 84' lang='grc'><strong>“</strong></span> 
     </span>
    </p>
   </div>
   <div class='ocr_carea' id='block_1_6' title="bbox 943 1230 1119 1272">
    <p class='ocr_par' dir='ltr' id='par_1_6' title="bbox 943 1230 1119 1272">
     <span class='ocr_line' id='line_1_12' title="bbox 943 1230 1119 1272; baseline -0.011 0"><span class='ocrx_word' id='word_1_70' title='bbox 943 1230 1119 1272; x_wconf 87' lang='lat' dir='ltr'><strong>NOTAE</strong></span> 
     </span>
    </p>
   </div>
   <div class='ocr_carea' id='block_1_7' title="bbox 119 1309 1944 1618">
    <p class='ocr_par' dir='ltr' id='par_1_7' title="bbox 119 1309 1944 1618">
     <span class='ocr_line' id='line_1_13' title="bbox 172 1309 1944 1365; baseline -0.002 -10"><span class='ocrx_word' id='word_1_71' title='bbox 172 1317 206 1340; x_wconf 78' lang='lat'><strong>¹¹</strong></span> <span class='ocrx_word' id='word_1_72' title='bbox 240 1313 434 1355; x_wconf 68' lang='lat' dir='ltr'><strong>Finitimo</strong></span> <span class='ocrx_word' id='word_1_73' title='bbox 466 1312 658 1365; x_wconf 76' lang='lat' dir='ltr'><strong>implicati</strong></span> <span class='ocrx_word' id='word_1_74' title='bbox 697 1311 811 1363; x_wconf 81' lang='lat' dir='ltr'><strong>bello]</strong></span> <span class='ocrx_word' id='word_1_75' title='bbox 865 1312 998 1352; x_wconf 88' lang='lat' dir='ltr'><strong>Pueri</strong></span> <span class='ocrx_word' id='word_1_76' title='bbox 1065 1324 1160 1352; x_wconf 90' lang='lat' dir='ltr'><strong>cum</strong></span> <span class='ocrx_word' id='word_1_77' title='bbox 1181 1323 1204 1351; x_wconf 82' lang='lat' dir='ltr'><strong>a</strong></span> <span class='ocrx_word' id='word_1_78' title='bbox 1224 1309 1559 1351; x_wconf 75' lang='lat' dir='ltr'><strong>Lacedaemoniis</strong></span> <span class='ocrx_word' id='word_1_79' title='bbox 1593 1315 1640 1351; x_wconf 90' lang='lat' dir='ltr'><strong>et</strong></span> <span class='ocrx_word' id='word_1_80' title='bbox 1670 1316 1811 1363; x_wconf 86' lang='lat' dir='ltr'><strong>captae</strong></span> <span class='ocrx_word' id='word_1_81' title='bbox 1839 1312 1944 1364; x_wconf 81' lang='lat' dir='ltr'><strong>sint,</strong></span> 
     </span>
     <span class='ocr_line' id='line_1_14' title="bbox 119 1374 1862 1427; baseline -0.001 -10"><span class='ocrx_word' id='word_1_82' title='bbox 119 1376 342 1417; x_wconf 81' lang='lat' dir='ltr'><strong>consilium</strong></span> <span class='ocrx_word' id='word_1_83' title='bbox 362 1381 534 1416; x_wconf 79' lang='lat' dir='ltr'><strong>secutus</strong></span> <span class='ocrx_word' id='word_1_84' title='bbox 567 1375 775 1427; x_wconf 83' lang='lat' dir='ltr'><strong>Pericles,</strong></span> <span class='ocrx_word' id='word_1_85' title='bbox 791 1375 894 1415; x_wconf 90' lang='lat' dir='ltr'><strong>belli</strong></span> <span class='ocrx_word' id='word_1_86' title='bbox 914 1376 996 1415; x_wconf 89' lang='lat' dir='ltr'><strong>Pe·</strong></span> <span class='ocrx_word' id='word_1_87' title='bbox 1064 1381 1109 1416; x_wconf 88' lang='lat' dir='ltr'><strong>et</strong></span> <span class='ocrx_word' id='word_1_88' title='bbox 1128 1376 1199 1414; x_wconf 90' lang='lat' dir='ltr'><strong>diu</strong></span> <span class='ocrx_word' id='word_1_89' title='bbox 1219 1387 1244 1414; x_wconf 88' lang='lat' dir='ltr'><strong>a</strong></span> <span class='ocrx_word' id='word_1_90' title='bbox 1263 1374 1444 1425; x_wconf 87' lang='lat' dir='ltr'><strong>triginta</strong></span> <span class='ocrx_word' id='word_1_91' title='bbox 1461 1374 1656 1424; x_wconf 81' lang='lat' dir='ltr'><strong>tyrannis</strong></span> <span class='ocrx_word' id='word_1_92' title='bbox 1678 1380 1862 1415; x_wconf 86' lang='lat' dir='ltr'><strong>vexatae.</strong></span> 
     </span>
     <span class='ocr_line' id='line_1_15' title="bbox 120 1436 1943 1492; baseline 0 -12"><span class='ocrx_word' id='word_1_93' title='bbox 120 1439 410 1492; x_wconf 76' lang='lat' dir='ltr'><strong>loponnesiaci</strong></span> <span class='ocrx_word' id='word_1_94' title='bbox 427 1440 514 1479; x_wconf 88' lang='lat' dir='ltr'><strong>suis</strong></span> <span class='ocrx_word' id='word_1_95' title='bbox 528 1439 695 1479; x_wconf 87' lang='lat' dir='ltr'><strong>civibus</strong></span> <span class='ocrx_word' id='word_1_96' title='bbox 715 1444 867 1479; x_wconf 85' lang='lat' dir='ltr'><strong>auctor</strong></span> <span class='ocrx_word' id='word_1_97' title='bbox 885 1437 994 1478; x_wconf 85' lang='lat' dir='ltr'><strong>fuit:</strong></span> <span class='ocrx_word' id='word_1_98' title='bbox 1117 1445 1136 1482; x_wconf 88' lang='lat'><em>†</em></span> <span class='ocrx_word' id='word_1_99' title='bbox 1166 1438 1249 1477; x_wconf 85' lang='lat' dir='ltr'><strong>An.</strong></span> <span class='ocrx_word' id='word_1_100' title='bbox 1270 1437 1335 1477; x_wconf 88' lang='grc' dir='ltr'><strong>Μ.</strong></span> <span class='ocrx_word' id='word_1_101' title='bbox 1355 1440 1477 1476; x_wconf 83' lang='grc'><strong>3622.</strong></span> <span class='ocrx_word' id='word_1_102' title='bbox 1508 1436 1581 1477; x_wconf 89' lang='grc'><strong>01.</strong></span> <span class='ocrx_word' id='word_1_103' title='bbox 1602 1440 1670 1478; x_wconf 90' lang='grc'><strong>87.</strong></span> <span class='ocrx_word' id='word_1_104' title='bbox 1696 1441 1734 1478; x_wconf 91' lang='grc'><strong>1.</strong></span> <span class='ocrx_word' id='word_1_105' title='bbox 1764 1437 1872 1479; x_wconf 88' lang='lat' dir='ltr'><strong>Urb.</strong></span> <span class='ocrx_word' id='word_1_106' title='bbox 1893 1439 1943 1480; x_wconf 89' lang='lat' dir='ltr'><strong>C.</strong></span> 
     </span>
     <span class='ocr_line' id='line_1_16' title="bbox 120 1498 1522 1552; baseline -0.002 -9"><span class='ocrx_word' id='word_1_107' title='bbox 120 1502 235 1543; x_wconf 85' lang='lat' dir='ltr'><strong>unde</strong></span> <span class='ocrx_word' id='word_1_108' title='bbox 253 1502 416 1552; x_wconf 67' lang='lat' dir='ltr'><strong>ingens,</strong></span> <span class='ocrx_word' id='word_1_109' title='bbox 447 1514 543 1541; x_wconf 90' lang='lat' dir='ltr'><strong>cum</strong></span> <span class='ocrx_word' id='word_1_110' title='bbox 576 1502 657 1541; x_wconf 88' lang='lat' dir='ltr'><strong>toti</strong></span> <span class='ocrx_word' id='word_1_111' title='bbox 682 1500 884 1550; x_wconf 69' lang='lat' dir='ltr'><strong>Graeciae,</strong></span> <span class='ocrx_word' id='word_1_112' title='bbox 904 1507 994 1541; x_wconf 86' lang='lat' dir='ltr'><strong>tum</strong></span> <span class='ocrx_word' id='word_1_113' title='bbox 1062 1504 1157 1541; x_wconf 80' lang='lat'><strong>321.</strong></span> <span class='ocrx_word' id='word_1_114' title='bbox 1201 1498 1306 1539; x_wconf 91' lang='lat' dir='ltr'><strong>Ant.</strong></span> <span class='ocrx_word' id='word_1_115' title='bbox 1328 1499 1407 1540; x_wconf 89' lang='lat' dir='ltr'><strong>Cli.</strong></span> <span class='ocrx_word' id='word_1_116' title='bbox 1427 1501 1522 1540; x_wconf 79' lang='lat'><strong>431.</strong></span> 
     </span>
     <span class='ocr_line' id='line_1_17' title="bbox 120 1563 995 1618; baseline -0.002 -12"><span class='ocrx_word' id='word_1_117' title='bbox 120 1564 226 1618; x_wconf 78' lang='lat' dir='ltr'><strong>ipsis</strong></span> <span class='ocrx_word' id='word_1_118' title='bbox 246 1564 509 1617; x_wconf 85' lang='lat' dir='ltr'><strong>potissimum</strong></span> <span class='ocrx_word' id='word_1_119' title='bbox 535 1563 715 1605; x_wconf 87' lang='lat' dir='ltr'><strong>Athenis</strong></span> <span class='ocrx_word' id='word_1_120' title='bbox 746 1565 995 1615; x_wconf 75' lang='lat' dir='ltr'><strong>calamitas3</strong></span> 
     </span>
    </p>
   </div>
   <div class='ocr_carea' id='block_1_8' title="bbox 143 1867 1940 2451">
    <p class='ocr_par' dir='ltr' id='par_1_8' title="bbox 143 1867 1940 2451">
     <span class='ocr_line' id='line_1_18' title="bbox 890 1867 1182 1923; baseline -0.01 0"><span class='ocrx_word' id='word_1_121' title='bbox 890 1867 1063 1923; x_wconf 87' lang='lat' dir='ltr'><strong>CAP.</strong></span> <span class='ocrx_word' id='word_1_122' title='bbox 1102 1868 1182 1920; x_wconf 93' lang='lat' dir='ltr'><strong>II.</strong></span> 
     </span>
     <span class='ocr_line' id='line_1_19' title="bbox 671 1996 1396 2051; baseline 0 0"><span class='ocrx_word' id='word_1_123' title='bbox 671 1997 781 2051; x_wconf 90' lang='lat' dir='ltr'><strong>DE</strong></span> <span class='ocrx_word' id='word_1_124' title='bbox 818 1996 1325 2051; x_wconf 89' lang='lat' dir='ltr'><strong>FORTITUDIN</strong></span> <span class='ocrx_word' id='word_1_125' title='bbox 1331 1996 1396 2051; x_wconf 91' lang='lat' dir='ltr'><strong>E.</strong></span> 
     </span>
     <span class='ocr_line' id='line_1_20' title="bbox 218 2120 1862 2176; baseline -0.001 -11"><span class='ocrx_word' id='word_1_126' title='bbox 218 2132 350 2165; x_wconf 74' lang='lat' dir='ltr'><strong>cusiis</strong></span> <span class='ocrx_word' id='word_1_127' title='bbox 379 2133 596 2163; x_wconf 68' lang='lat' dir='ltr'><strong>12:113qu</strong></span> <span class='ocrx_word' id='word_1_128' title='bbox 627 2134 744 2167; x_wconf 75' lang='lat' dir='ltr'><strong>nom.</strong></span> <span class='ocrx_word' id='word_1_129' title='bbox 771 2135 898 2166; x_wconf 71' lang='lat' dir='ltr'><strong>sun&#39;r.</strong></span> <span class='ocrx_word' id='word_1_130' title='bbox 1062 2128 1114 2165; x_wconf 86' lang='grc'><strong>16</strong></span> <span class='ocrx_word' id='word_1_131' title='bbox 1140 2125 1203 2165; x_wconf 72' lang='grc' dir='ltr'><strong>Μ.</strong></span> <span class='ocrx_word' id='word_1_132' title='bbox 1223 2124 1330 2164; x_wconf 81' lang='lat' dir='ltr'><strong>Cato</strong></span> <span class='ocrx_word' id='word_1_133' title='bbox 1350 2122 1522 2176; x_wconf 81' lang='lat' dir='ltr'><strong>majoris</strong></span> <span class='ocrx_word' id='word_1_134' title='bbox 1542 2121 1716 2164; x_wconf 80' lang='lat' dir='ltr'><strong>Catonis</strong></span> <span class='ocrx_word' id='word_1_135' title='bbox 1733 2120 1862 2164; x_wconf 78' lang='lat' dir='ltr'><strong>filius.</strong></span> 
     </span>
     <span class='ocr_line' id='line_1_21' title="bbox 147 2177 1556 2240; baseline -0.01 -8"><span class='ocrx_word' id='word_1_136' title='bbox 147 2199 171 2237; x_wconf 83' lang='lat'><strong>1</strong></span> <span class='ocrx_word' id='word_1_137' title='bbox 201 2197 266 2237; x_wconf 83' lang='grc' dir='ltr'><strong>Μ.</strong></span> <span class='ocrx_word' id='word_1_138' title='bbox 284 2196 493 2237; x_wconf 67' lang='lat' dir='ltr'><strong>Horatius</strong></span> <span class='ocrx_word' id='word_1_139' title='bbox 514 2196 683 2239; x_wconf 51' lang='lat' dir='ltr'><strong>cocles·</strong></span> <span class='ocrx_word' id='word_1_140' title='bbox 1062 2182 1112 2217; x_wconf 80' lang='grc'><strong>17</strong></span> <span class='ocrx_word' id='word_1_141' title='bbox 1142 2179 1195 2218; x_wconf 90' lang='grc' dir='ltr'><strong>Ρ.</strong></span> <span class='ocrx_word' id='word_1_142' title='bbox 1215 2178 1362 2240; x_wconf 68' lang='lat' dir='ltr'><strong>Scipio</strong></span> <span class='ocrx_word' id='word_1_143' title='bbox 1382 2177 1556 2218; x_wconf 80' lang='lat' dir='ltr'><strong>Nasica.</strong></span> 
     </span>
     <span class='ocr_line' id='line_1_22' title="bbox 143 2232 1632 2303; baseline -0.009 -19"><span class='ocrx_word' id='word_1_144' title='bbox 143 2253 172 2291; x_wconf 81' lang='lat'>2</span> <span class='ocrx_word' id='word_1_145' title='bbox 194 2249 351 2290; x_wconf 53' lang='lat' dir='ltr'><strong>‘Cloelia</strong></span> <span class='ocrx_word' id='word_1_146' title='bbox 366 2251 498 2303; x_wconf 68' lang='lat' dir='ltr'><strong>virgo,</strong></span> <span class='ocrx_word' id='word_1_147' title='bbox 1063 2235 1114 2271; x_wconf 88' lang='grc'><strong>18</strong></span> <span class='ocrx_word' id='word_1_148' title='bbox 1143 2232 1207 2271; x_wconf 89' lang='grc' dir='ltr'><strong>Μ.</strong></span> <span class='ocrx_word' id='word_1_149' title='bbox 1226 2232 1417 2294; x_wconf 79' lang='lat' dir='ltr'><strong>AEmilius</strong></span> <span class='ocrx_word' id='word_1_150' title='bbox 1435 2232 1632 2271; x_wconf 82' lang='lat' dir='ltr'><strong>Scaurus.</strong></span> 
     </span>
     <span class='ocr_line' id='line_1_23' title="bbox 144 2284 1697 2344; baseline -0.009 -7"><span class='ocrx_word' id='word_1_151' title='bbox 144 2306 170 2343; x_wconf 72' lang='lat'>3</span> <span class='ocrx_word' id='word_1_152' title='bbox 201 2303 418 2344; x_wconf 69' lang='lat' dir='ltr'><strong>Romulus,</strong></span> <span class='ocrx_word' id='word_1_153' title='bbox 465 2339 467 2341; x_wconf 23' lang='lat'>¹</span> <span class='ocrx_word' id='word_1_154' title='bbox 1063 2288 1116 2324; x_wconf 83' lang='lat'><strong>19</strong></span> <span class='ocrx_word' id='word_1_155' title='bbox 1144 2285 1192 2325; x_wconf 85' lang='lat' dir='ltr'><strong>C.</strong></span> <span class='ocrx_word' id='word_1_156' title='bbox 1210 2284 1352 2326; x_wconf 87' lang='lat' dir='ltr'><strong>Julius</strong></span> <span class='ocrx_word' id='word_1_157' title='bbox 1368 2285 1513 2325; x_wconf 83' lang='lat' dir='ltr'><strong>Caesar</strong></span> <span class='ocrx_word' id='word_1_158' title='bbox 1532 2296 1697 2336; x_wconf 72' lang='lat' dir='ltr'><strong>procos.</strong></span> 
     </span>
     <span class='ocr_line' id='line_1_24' title="bbox 143 2337 1940 2398; baseline -0.009 -6"><span class='ocrx_word' id='word_1_159' title='bbox 143 2360 172 2397; x_wconf 74' lang='grc'>4</span> <span class='ocrx_word' id='word_1_160' title='bbox 199 2355 257 2398; x_wconf 77' lang='grc' dir='ltr'><strong>Α,</strong></span> <span class='ocrx_word' id='word_1_161' title='bbox 277 2357 500 2398; x_wconf 63' lang='lat' dir='ltr'><strong>cornelius</strong></span> <span class='ocrx_word' id='word_1_162' title='bbox 518 2358 690 2398; x_wconf 57' lang='lat' dir='ltr'><strong>Cossus,</strong></span> <span class='ocrx_word' id='word_1_163' title='bbox 1061 2342 1114 2378; x_wconf 80' lang='lat'><strong>20</strong></span> <span class='ocrx_word' id='word_1_164' title='bbox 1139 2339 1244 2378; x_wconf 87' lang='lat' dir='ltr'><strong>Tres</strong></span> <span class='ocrx_word' id='word_1_165' title='bbox 1263 2338 1436 2387; x_wconf 87' lang='lat' dir='ltr'><strong>milites,</strong></span> <span class='ocrx_word' id='word_1_166' title='bbox 1450 2338 1603 2378; x_wconf 87' lang='lat' dir='ltr'><strong>Vibius</strong></span> <span class='ocrx_word' id='word_1_167' title='bbox 1617 2337 1846 2389; x_wconf 84' lang='lat' dir='ltr'><strong>Accuaeiis,</strong></span> <span class='ocrx_word' id='word_1_168' title='bbox 1856 2337 1940 2377; x_wconf 85' lang='lat' dir='ltr'><strong>Va·</strong></span> 
     </span>
     <span class='ocr_line' id='line_1_25' title="bbox 144 2391 1834 2451; baseline -0.007 -7"><span class='ocrx_word' id='word_1_169' title='bbox 144 2415 169 2451; x_wconf 80' lang='lat'><strong>5</strong></span> <span class='ocrx_word' id='word_1_170' title='bbox 198 2410 264 2451; x_wconf 74' lang='lat' dir='ltr'><strong>M,</strong></span> <span class='ocrx_word' id='word_1_171' title='bbox 285 2411 536 2451; x_wconf 63' lang='lat' dir='ltr'><strong>Marcellus,</strong></span> <span class='ocrx_word' id='word_1_172' title='bbox 1166 2392 1296 2431; x_wconf 88' lang='lat' dir='ltr'><strong>lerius</strong></span> <span class='ocrx_word' id='word_1_173' title='bbox 1316 2393 1510 2440; x_wconf 86' lang='lat' dir='ltr'><strong>Flaccus,</strong></span> <span class='ocrx_word' id='word_1_174' title='bbox 1534 2393 1583 2432; x_wconf 88' lang='lat' dir='ltr'><strong>T.</strong></span> <span class='ocrx_word' id='word_1_175' title='bbox 1604 2391 1834 2432; x_wconf 80' lang='lat' dir='ltr'><strong>Pedanius.</strong></span> 
     </span>
    </p>
   </div>
   <div class='ocr_carea' id='block_1_9' title="bbox 119 2445 1703 2942">
    <p class='ocr_par' dir='ltr' id='par_1_9' title="bbox 142 2445 1640 2664">
     <span class='ocr_line' id='line_1_26' title="bbox 142 2445 1592 2516; baseline 0.003 -13"><span class='ocrx_word' id='word_1_176' title='bbox 142 2466 171 2503; x_wconf 80' lang='lat'><strong>6</strong></span> <span class='ocrx_word' id='word_1_177' title='bbox 198 2463 490 2505; x_wconf 88' lang='lat' dir='ltr'><strong>Certaminum</strong></span> <span class='ocrx_word' id='word_1_178' title='bbox 519 2464 788 2516; x_wconf 79' lang='lat' dir='ltr'><strong>singularium</strong></span> <span class='ocrx_word' id='word_1_179' title='bbox 807 2465 994 2505; x_wconf 84' lang='lat' dir='ltr'><strong>victores</strong></span> <span class='ocrx_word' id='word_1_180' title='bbox 1059 2447 1110 2484; x_wconf 73' lang='lat'><strong>²¹</strong></span> <span class='ocrx_word' id='word_1_181' title='bbox 1142 2445 1197 2486; x_wconf 72' lang='lat' dir='ltr'><strong>Q·</strong></span> <span class='ocrx_word' id='word_1_182' title='bbox 1217 2445 1366 2507; x_wconf 47' lang='lat' dir='ltr'><strong>collus</strong></span> <span class='ocrx_word' id='word_1_183' title='bbox 1387 2445 1592 2486; x_wconf 64' lang='lat' dir='ltr'><strong>Aehffles·</strong></span> 
     </span>
     <span class='ocr_line' id='line_1_27' title="bbox 221 2497 1389 2570; baseline 0.003 -13"><span class='ocrx_word' id='word_1_184' title='bbox 221 2517 272 2557; x_wconf 82' lang='lat' dir='ltr'><strong>T.</strong></span> <span class='ocrx_word' id='word_1_185' title='bbox 289 2517 477 2558; x_wconf 84' lang='lat' dir='ltr'><strong>Manlius</strong></span> <span class='ocrx_word' id='word_1_186' title='bbox 495 2519 754 2570; x_wconf 86' lang='lat' dir='ltr'><strong>Torquatus,</strong></span> <span class='ocrx_word' id='word_1_187' title='bbox 786 2519 849 2560; x_wconf 89' lang='lat' dir='ltr'><strong>M.</strong></span> <span class='ocrx_word' id='word_1_188' title='bbox 867 2519 994 2558; x_wconf 84' lang='lat' dir='ltr'><strong>vale·</strong></span> <span class='ocrx_word' id='word_1_189' title='bbox 1059 2501 1112 2538; x_wconf 75' lang='lat'><strong>22</strong></span> <span class='ocrx_word' id='word_1_190' title='bbox 1142 2499 1190 2539; x_wconf 77' lang='lat' dir='ltr'><strong>C·</strong></span> <span class='ocrx_word' id='word_1_191' title='bbox 1207 2497 1389 2561; x_wconf 65' lang='lat' dir='ltr'><strong>Ac¹¹¹l¹⁵&#39;</strong></span> 
     </span>
     <span class='ocr_line' id='line_1_28' title="bbox 222 2551 1574 2623; baseline 0.004 -13"><span class='ocrx_word' id='word_1_192' title='bbox 222 2571 313 2610; x_wconf 79' lang='lat' dir='ltr'><strong>rius</strong></span> <span class='ocrx_word' id='word_1_193' title='bbox 342 2571 523 2621; x_wconf 85' lang='lat' dir='ltr'><strong>Corvus,</strong></span> <span class='ocrx_word' id='word_1_194' title='bbox 555 2576 600 2611; x_wconf 89' lang='lat' dir='ltr'><strong>et</strong></span> <span class='ocrx_word' id='word_1_195' title='bbox 629 2572 682 2611; x_wconf 90' lang='grc' dir='ltr'><strong>Ρ.</strong></span> <span class='ocrx_word' id='word_1_196' title='bbox 702 2571 848 2623; x_wconf 89' lang='lat' dir='ltr'><strong>Scipio</strong></span> <span class='ocrx_word' id='word_1_197' title='bbox 866 2572 994 2613; x_wconf 88' lang='lat' dir='ltr'><strong>AEmi-</strong></span> <span class='ocrx_word' id='word_1_198' title='bbox 1060 2555 1113 2592; x_wconf 74' lang='lat'><strong>23</strong></span> <span class='ocrx_word' id='word_1_199' title='bbox 1141 2552 1206 2592; x_wconf 82' lang='lat' dir='ltr'><strong>M·</strong></span> <span class='ocrx_word' id='word_1_200' title='bbox 1223 2553 1389 2615; x_wconf 70' lang='lat' dir='ltr'><strong>C.⁰:&#39;S!¹¹⁵</strong></span> <span class='ocrx_word' id='word_1_201' title='bbox 1408 2551 1574 2592; x_wconf 67' lang='lat' dir='ltr'><strong>scaeva‘</strong></span> 
     </span>
     <span class='ocr_line' id='line_1_29' title="bbox 225 2606 1640 2664; baseline 0 -18"><span class='ocrx_word' id='word_1_202' title='bbox 225 2624 376 2664; x_wconf 43' lang='lat' dir='ltr'><strong>nanu,-</strong></span> <span class='ocrx_word' id='word_1_203' title='bbox 1060 2608 1113 2646; x_wconf 75' lang='lat'><strong>24</strong></span> <span class='ocrx_word' id='word_1_204' title='bbox 1142 2606 1189 2646; x_wconf 88' lang='lat' dir='ltr'><strong>L.</strong></span> <span class='ocrx_word' id='word_1_205' title='bbox 1207 2606 1387 2646; x_wconf 76' lang='lat' dir='ltr'><strong>Sicinius</strong></span> <span class='ocrx_word' id='word_1_206' title='bbox 1407 2607 1640 2646; x_wconf 86' lang='lat' dir='ltr'><strong>Dentatus.</strong></span> 
     </span>
    </p>

    <p class='ocr_par' dir='ltr' id='par_1_10' title="bbox 142 2676 439 2718">
     <span class='ocr_line' id='line_1_30' title="bbox 142 2676 439 2718; baseline 0.003 -1"><span class='ocrx_word' id='word_1_207' title='bbox 142 2679 169 2717; x_wconf 82' lang='grc'><strong>7</strong></span> <span class='ocrx_word' id='word_1_208' title='bbox 197 2676 248 2718; x_wconf 87' lang='lat' dir='ltr'><strong>C.</strong></span> <span class='ocrx_word' id='word_1_209' title='bbox 266 2677 439 2718; x_wconf 86' lang='lat' dir='ltr'><strong>Atilius.</strong></span> 
     </span>
    </p>

    <p class='ocr_par' dir='ltr' id='par_1_11' title="bbox 144 2720 1703 2836">
     <span class='ocr_line' id='line_1_31' title="bbox 144 2720 1618 2784; baseline 0.001 -14"><span class='ocrx_word' id='word_1_210' title='bbox 144 2733 171 2770; x_wconf 85' lang='grc'><strong>8</strong></span> <span class='ocrx_word' id='word_1_211' title='bbox 196 2731 376 2784; x_wconf 78' lang='lat' dir='ltr'><strong>Equites</strong></span> <span class='ocrx_word' id='word_1_212' title='bbox 390 2731 514 2771; x_wconf 89' lang='lat' dir='ltr'><strong>Rom.</strong></span> <span class='ocrx_word' id='word_1_213' title='bbox 529 2730 573 2770; x_wconf 86' lang='lat' dir='ltr'><strong>in</strong></span> <span class='ocrx_word' id='word_1_214' title='bbox 587 2730 736 2783; x_wconf 84' lang='lat' dir='ltr'><strong>praelio</strong></span> <span class='ocrx_word' id='word_1_215' title='bbox 755 2731 870 2784; x_wconf 87' lang='lat' dir='ltr'><strong>apud</strong></span> <span class='ocrx_word' id='word_1_216' title='bbox 885 2731 994 2772; x_wconf 85' lang='lat' dir='ltr'><strong>Ver·</strong></span> <span class='ocrx_word' id='word_1_217' title='bbox 1385 2720 1618 2750; x_wconf 62' lang='lat' dir='ltr'><strong>EXTERNA·</strong></span> 
     </span>
     <span class='ocr_line' id='line_1_32' title="bbox 226 2783 1703 2836; baseline 0 -13"><span class='ocrx_word' id='word_1_218' title='bbox 226 2783 434 2836; x_wconf 82' lang='lat' dir='ltr'><strong>ruginem.</strong></span> <span class='ocrx_word' id='word_1_219' title='bbox 1089 2790 1112 2825; x_wconf 87' lang='lat' dir='ltr'><strong>l</strong></span> <span class='ocrx_word' id='word_1_220' title='bbox 1141 2786 1191 2825; x_wconf 88' lang='grc' dir='ltr'><strong>Τ.</strong></span> <span class='ocrx_word' id='word_1_221' title='bbox 1210 2784 1421 2827; x_wconf 88' lang='lat' dir='ltr'><strong>Jubellius</strong></span> <span class='ocrx_word' id='word_1_222' title='bbox 1443 2783 1703 2836; x_wconf 78' lang='lat' dir='ltr'><strong>Campanus.</strong></span> 
     </span>
    </p>

    <p class='ocr_par' dir='ltr' id='par_1_12' title="bbox 142 2837 1513 2890">
     <span class='ocr_line' id='line_1_33' title="bbox 142 2837 1513 2890; baseline 0 -14"><span class='ocrx_word' id='word_1_223' title='bbox 142 2839 171 2876; x_wconf 79' lang='grc'><strong>9</strong></span> <span class='ocrx_word' id='word_1_224' title='bbox 195 2837 335 2877; x_wconf 81' lang='lat' dir='ltr'><strong>Iidem</strong></span> <span class='ocrx_word' id='word_1_225' title='bbox 365 2838 408 2877; x_wconf 88' lang='lat' dir='ltr'><strong>in</strong></span> <span class='ocrx_word' id='word_1_226' title='bbox 430 2837 580 2890; x_wconf 84' lang='lat' dir='ltr'><strong>praelio</strong></span> <span class='ocrx_word' id='word_1_227' title='bbox 600 2842 751 2877; x_wconf 82' lang='lat' dir='ltr'><strong>contra</strong></span> <span class='ocrx_word' id='word_1_228' title='bbox 766 2837 993 2879; x_wconf 86' lang='lat' dir='ltr'><strong>Samnites.</strong></span> <span class='ocrx_word' id='word_1_229' title='bbox 1087 2843 1114 2878; x_wconf 87' lang='lat'>2</span> <span class='ocrx_word' id='word_1_230' title='bbox 1143 2839 1339 2890; x_wconf 83' lang='lat' dir='ltr'><strong>Gobryas</strong></span> <span class='ocrx_word' id='word_1_231' title='bbox 1361 2838 1513 2889; x_wconf 83' lang='lat' dir='ltr'><strong>Persa.</strong></span> 
     </span>
    </p>

    <p class='ocr_par' dir='ltr' id='par_1_13' title="bbox 119 2891 1630 2942">
     <span class='ocr_line' id='line_1_34' title="bbox 119 2891 1630 2942; baseline 0 -13"><span class='ocrx_word' id='word_1_232' title='bbox 119 2892 172 2930; x_wconf 81' lang='lat' dir='ltr'><strong>io</strong></span> <span class='ocrx_word' id='word_1_233' title='bbox 200 2891 364 2931; x_wconf 80' lang='lat' dir='ltr'><strong>Milites</strong></span> <span class='ocrx_word' id='word_1_234' title='bbox 385 2892 506 2932; x_wconf 85' lang='lat' dir='ltr'><strong>Rom.</strong></span> <span class='ocrx_word' id='word_1_235' title='bbox 535 2891 580 2930; x_wconf 88' lang='lat' dir='ltr'><strong>in</strong></span> <span class='ocrx_word' id='word_1_236' title='bbox 599 2891 824 2931; x_wconf 85' lang='lat' dir='ltr'><strong>retinenda</strong></span> <span class='ocrx_word' id='word_1_237' title='bbox 855 2893 994 2932; x_wconf 85' lang='lat' dir='ltr'><strong>classe</strong></span> <span class='ocrx_word' id='word_1_238' title='bbox 1089 2895 1113 2932; x_wconf 77' lang='lat'><strong>3</strong></span> <span class='ocrx_word' id='word_1_239' title='bbox 1144 2891 1354 2932; x_wconf 87' lang='lat' dir='ltr'><strong>Leonidas</strong></span> <span class='ocrx_word' id='word_1_240' title='bbox 1374 2891 1630 2942; x_wconf 88' lang='lat' dir='ltr'><strong>Spartanus.</strong></span> 
     </span>
    </p>
   </div>
   <div class='ocr_carea' id='block_1_10' title="bbox 118 2944 1828 3262">
    <p class='ocr_par' dir='ltr' id='par_1_14' title="bbox 118 2944 1828 3262">
     <span class='ocr_line' id='line_1_35' title="bbox 224 2944 1658 2997; baseline 0 -13"><span class='ocrx_word' id='word_1_241' title='bbox 224 2944 404 2984; x_wconf 82' lang='lat' dir='ltr'><strong>Punica.</strong></span> <span class='ocrx_word' id='word_1_242' title='bbox 1086 2949 1113 2985; x_wconf 84' lang='grc'>4</span> <span class='ocrx_word' id='word_1_243' title='bbox 1143 2945 1388 2997; x_wconf 82' lang='lat' dir='ltr'><strong>Othryadas</strong></span> <span class='ocrx_word' id='word_1_244' title='bbox 1404 2945 1658 2997; x_wconf 86' lang='lat' dir='ltr'><strong>Spartanus.</strong></span> 
     </span>
     <span class='ocr_line' id='line_1_36' title="bbox 119 2996 1711 3050; baseline 0.001 -14"><span class='ocrx_word' id='word_1_245' title='bbox 119 2999 169 3036; x_wconf 85' lang='lat'><strong>11</strong></span> <span class='ocrx_word' id='word_1_246' title='bbox 198 2996 328 3037; x_wconf 84' lang='lat' dir='ltr'><strong>Miles</strong></span> <span class='ocrx_word' id='word_1_247' title='bbox 348 2997 471 3037; x_wconf 82' lang='lat' dir='ltr'><strong>Rom.</strong></span> <span class='ocrx_word' id='word_1_248' title='bbox 492 2997 535 3036; x_wconf 89' lang='lat' dir='ltr'><strong>iii</strong></span> <span class='ocrx_word' id='word_1_249' title='bbox 554 2997 701 3049; x_wconf 80' lang='lat' dir='ltr'><strong>praelio</strong></span> <span class='ocrx_word' id='word_1_250' title='bbox 722 2998 952 3039; x_wconf 84' lang='lat' dir='ltr'><strong>Cannensi.</strong></span> <span class='ocrx_word' id='word_1_251' title='bbox 1085 3004 1110 3039; x_wconf 84' lang='lat'>5</span> <span class='ocrx_word' id='word_1_252' title='bbox 1139 2998 1458 3050; x_wconf 83' lang='lat' dir='ltr'><strong>Epaminondas</strong></span> <span class='ocrx_word' id='word_1_253' title='bbox 1474 2997 1711 3037; x_wconf 82' lang='lat' dir='ltr'><strong>Thebanus.</strong></span> 
     </span>
     <span class='ocr_line' id='line_1_37' title="bbox 119 3049 1733 3103; baseline 0 -14"><span class='ocrx_word' id='word_1_254' title='bbox 119 3052 172 3089; x_wconf 73' lang='lat'><strong>12</strong></span> <span class='ocrx_word' id='word_1_255' title='bbox 198 3049 252 3090; x_wconf 89' lang='grc' dir='ltr'><strong>Ρ.</strong></span> <span class='ocrx_word' id='word_1_256' title='bbox 274 3050 458 3090; x_wconf 87' lang='lat' dir='ltr'><strong>Licinius</strong></span> <span class='ocrx_word' id='word_1_257' title='bbox 478 3051 652 3090; x_wconf 85' lang='lat' dir='ltr'><strong>Crassus</strong></span> <span class='ocrx_word' id='word_1_258' title='bbox 673 3064 841 3103; x_wconf 76' lang='lat' dir='ltr'><strong>procos,</strong></span> <span class='ocrx_word' id='word_1_259' title='bbox 1086 3057 1115 3093; x_wconf 83' lang='grc'><strong>6</strong></span> <span class='ocrx_word' id='word_1_260' title='bbox 1139 3053 1424 3092; x_wconf 83' lang='lat' dir='ltr'><strong>Theramenes</strong></span> <span class='ocrx_word' id='word_1_261' title='bbox 1443 3050 1733 3091; x_wconf 87' lang='lat' dir='ltr'><strong>Atheniensis.</strong></span> 
     </span>
     <span class='ocr_line' id='line_1_38' title="bbox 119 3103 1707 3158; baseline 0 -15"><span class='ocrx_word' id='word_1_262' title='bbox 119 3106 169 3143; x_wconf 78' lang='lat'><strong>13</strong></span> <span class='ocrx_word' id='word_1_263' title='bbox 198 3103 255 3146; x_wconf 84' lang='lat' dir='ltr'><strong>Q.</strong></span> <span class='ocrx_word' id='word_1_264' title='bbox 274 3104 476 3144; x_wconf 81' lang='lat' dir='ltr'><strong>Metellus</strong></span> <span class='ocrx_word' id='word_1_265' title='bbox 495 3103 640 3156; x_wconf 86' lang='lat' dir='ltr'><strong>Scipio</strong></span> <span class='ocrx_word' id='word_1_266' title='bbox 666 3116 832 3156; x_wconf 83' lang='lat' dir='ltr'><strong>procos.</strong></span> <span class='ocrx_word' id='word_1_267' title='bbox 1087 3109 1113 3146; x_wconf 79' lang='lat'>7</span> <span class='ocrx_word' id='word_1_268' title='bbox 1139 3106 1387 3158; x_wconf 86' lang='lat' dir='ltr'><strong>Theogenes</strong></span> <span class='ocrx_word' id='word_1_269' title='bbox 1407 3105 1707 3145; x_wconf 85' lang='lat' dir='ltr'><strong>Numantinus.</strong></span> 
     </span>
     <span class='ocr_line' id='line_1_39' title="bbox 118 3156 1710 3202; baseline 0.001 -7"><span class='ocrx_word' id='word_1_270' title='bbox 118 3159 170 3196; x_wconf 77' lang='lat'><strong>14</strong></span> <span class='ocrx_word' id='word_1_271' title='bbox 198 3156 262 3196; x_wconf 92' lang='grc' dir='ltr'><strong>Μ.</strong></span> <span class='ocrx_word' id='word_1_272' title='bbox 285 3157 393 3197; x_wconf 82' lang='lat' dir='ltr'><strong>Cato</strong></span> <span class='ocrx_word' id='word_1_273' title='bbox 413 3157 646 3197; x_wconf 87' lang='lat' dir='ltr'><strong>Uticensis.</strong></span> <span class='ocrx_word' id='word_1_274' title='bbox 1087 3162 1113 3198; x_wconf 88' lang='grc'>8</span> <span class='ocrx_word' id='word_1_275' title='bbox 1141 3159 1423 3199; x_wconf 83' lang='lat' dir='ltr'><strong>Hasdrubalis</strong></span> <span class='ocrx_word' id='word_1_276' title='bbox 1443 3158 1568 3198; x_wconf 88' lang='lat' dir='ltr'><strong>Poeni</strong></span> <span class='ocrx_word' id='word_1_277' title='bbox 1587 3166 1710 3202; x_wconf 75' lang='lat' dir='ltr'><strong>uxor.</strong></span> 
     </span>
     <span class='ocr_line' id='line_1_40' title="bbox 119 3209 1828 3262; baseline 0.002 -14"><span class='ocrx_word' id='word_1_278' title='bbox 119 3211 170 3249; x_wconf 71' lang='lat'><strong>1³</strong></span> <span class='ocrx_word' id='word_1_279' title='bbox 198 3210 357 3252; x_wconf 84' lang='lat' dir='ltr'><strong>Porcia</strong></span> <span class='ocrx_word' id='word_1_280' title='bbox 375 3211 439 3250; x_wconf 91' lang='lat' dir='ltr'><strong>M.</strong></span> <span class='ocrx_word' id='word_1_281' title='bbox 459 3211 507 3251; x_wconf 89' lang='lat' dir='ltr'><strong>F.</strong></span> <span class='ocrx_word' id='word_1_282' title='bbox 528 3211 591 3252; x_wconf 91' lang='lat' dir='ltr'><strong>M.</strong></span> <span class='ocrx_word' id='word_1_283' title='bbox 607 3211 750 3251; x_wconf 88' lang='lat' dir='ltr'><strong>Bruti.</strong></span> <span class='ocrx_word' id='word_1_284' title='bbox 1087 3216 1114 3253; x_wconf 83' lang='lat'>9</span> <span class='ocrx_word' id='word_1_285' title='bbox 1141 3213 1384 3253; x_wconf 87' lang='lat' dir='ltr'><strong>Harmonia</strong></span> <span class='ocrx_word' id='word_1_286' title='bbox 1402 3211 1580 3252; x_wconf 84' lang='lat' dir='ltr'><strong>Gelonis</strong></span> <span class='ocrx_word' id='word_1_287' title='bbox 1598 3211 1707 3262; x_wconf 83' lang='lat' dir='ltr'><strong>regis</strong></span> <span class='ocrx_word' id='word_1_288' title='bbox 1725 3209 1828 3251; x_wconf 87' lang='lat' dir='ltr'><strong>filia.</strong></span> 
     </span>
    </p>
   </div>
   <div class='ocr_carea' id='block_1_11' title="bbox 196 3328 1936 3402">
    <p class='ocr_par' dir='ltr' id='par_1_15' title="bbox 196 3328 1936 3402">
     <span class='ocr_line' id='line_1_41' title="bbox 196 3328 1936 3402; baseline 0.001 -22"><span class='ocrx_word' id='word_1_289' title='bbox 196 3328 357 3382; x_wconf 86' lang='lat' dir='ltr'><strong>Nos¹</strong></span> <span class='ocrx_word' id='word_1_290' title='bbox 384 3331 518 3399; x_wconf 88' lang='lat' dir='ltr'><strong>quia</strong></span> <span class='ocrx_word' id='word_1_291' title='bbox 547 3332 669 3401; x_wconf 86' lang='lat' dir='ltr'><strong>jam</strong></span> <span class='ocrx_word' id='word_1_292' title='bbox 693 3332 850 3384; x_wconf 88' lang='lat' dir='ltr'><strong>initia</strong></span> <span class='ocrx_word' id='word_1_293' title='bbox 873 3348 1280 3402; x_wconf 87' lang='lat' dir='ltr'><strong>procursusque</strong></span> <span class='ocrx_word' id='word_1_294' title='bbox 1305 3332 1528 3400; x_wconf 81' lang='lat' dir='ltr'><strong>virtutis</strong></span> <span class='ocrx_word' id='word_1_295' title='bbox 1551 3330 1936 3402; x_wconf 89' lang='lat' dir='ltr'><strong>patefecimus,</strong></span> 
     </span>
    </p>
   </div>
   <div class='ocr_carea' id='block_1_12' title="bbox 881 3456 1179 3471">
    <p class='ocr_par' dir='ltr' id='par_1_16' title="bbox 881 3456 1179 3471">
     <span class='ocr_line' id='line_1_42' title="bbox 881 3456 1179 3471; baseline 0 551"><span class='ocrx_word' id='word_1_296' title='bbox 881 3456 1179 3471; x_wconf 95' lang='lat' dir='ltr'><strong> </strong></span> 
     </span>
    </p>
   </div>
   <div class='ocr_carea' id='block_1_13' title="bbox 178 3518 1941 3575">
    <p class='ocr_par' dir='ltr' id='par_1_17' title="bbox 178 3518 1941 3575">
     <span class='ocr_line' id='line_1_43' title="bbox 178 3518 1941 3575; baseline 0.001 -17"><span class='ocrx_word' id='word_1_297' title='bbox 178 3522 199 3557; x_wconf 86' lang='lat'>1</span> <span class='ocrx_word' id='word_1_298' title='bbox 230 3518 340 3560; x_wconf 77' lang='lat' dir='ltr'><strong>Haec</strong></span> <span class='ocrx_word' id='word_1_299' title='bbox 360 3520 502 3561; x_wconf 87' lang='lat' dir='ltr'><strong>omnia</strong></span> <span class='ocrx_word' id='word_1_300' title='bbox 520 3534 654 3575; x_wconf 85' lang='lat' dir='ltr'><strong>usque</strong></span> <span class='ocrx_word' id='word_1_301' title='bbox 675 3522 725 3563; x_wconf 79' lang='lat' dir='ltr'><strong>ad</strong></span> <span class='ocrx_word' id='word_1_302' title='bbox 747 3522 959 3563; x_wconf 70' lang='lat' dir='ltr'><strong>consistunt</strong></span> <span class='ocrx_word' id='word_1_303' title='bbox 979 3521 1175 3563; x_wconf 85' lang='lat' dir='ltr'><strong>referunt</strong></span> <span class='ocrx_word' id='word_1_304' title='bbox 1191 3520 1382 3573; x_wconf 89' lang='lat' dir='ltr'><strong>plerique</strong></span> <span class='ocrx_word' id='word_1_305' title='bbox 1403 3518 1528 3561; x_wconf 85' lang='lat' dir='ltr'><strong>codd.</strong></span> <span class='ocrx_word' id='word_1_306' title='bbox 1545 3524 1590 3561; x_wconf 87' lang='lat' dir='ltr'><strong>et</strong></span> <span class='ocrx_word' id='word_1_307' title='bbox 1609 3519 1707 3560; x_wconf 87' lang='lat' dir='ltr'><strong>edd.</strong></span> <span class='ocrx_word' id='word_1_308' title='bbox 1735 3519 1789 3560; x_wconf 83' lang='lat' dir='ltr'><strong>ad</strong></span> <span class='ocrx_word' id='word_1_309' title='bbox 1809 3525 1941 3572; x_wconf 81' lang='lat' dir='ltr'><strong>capnt</strong></span> 
     </span>
    </p>
   </div>
  </div>
 </body>
</html>
