2352 4022
737 317 872 356 CAP.
899 316 940 353 1.
978 315 1060 356 nn
1103 313 1469 353 nectemus.
1918 301 2033 371 116

193 441 323 492 bem
348 437 533 507 egredi
559 452 763 505 passus
788 450 897 488 non
931 439 1091 486 est20
1128 432 1492 501 religionique
1532 446 1810 483 summum
1850 432 2022 501 impe-

193 525 337 577 rium
387 522 591 575 cessit:
645 519 798 590 quod
837 523 955 571 tuto
995 534 1056 569 se
1103 517 1433 570 Postumius
1483 515 1695 570 Martio
1735 520 2023 570 certamini

192 609 590 661 commissurus
612 621 724 659 non
748 604 1062 665 videbatur,
1089 603 1426 655 caerimoniis
1454 602 1660 656 Martis
1687 603 1966 655 deserum

265 692 318 744 3.
359 692 677 745 Laudabile
695 689 990 743 duodecim
1011 686 1287 741 fasciumf
1318 689 1639 756 religiosum
1661 689 1989 756 obsequium
2010 704 2023 741 ε

193 777 533 832 laudabilior
557 781 795 845 quatuor
816 780 873 826 et
910 773 1104 841 viginti
1144 773 1203 825 in
1241 773 1522 827 consimili
1561 789 1620 825 re
1662 772 2020 826 obedientia.⁶

197 863 253 915 A
276 862 364 914 Ti.
391 862 535 914 enim
560 859 818 914 Graccho
835 866 856 897 ⁸
892 858 965 910 ad
990 858 1283 926 collegium
1308 875 1574 925 augurum
1598 859 1773 911 literis
1800 875 1872 910 ex
1898 873 2025 925 pro-

197 947 383 1000 vincia
419 944 716 1010 missiS,²²¹²
753 945 958 1012 quibus
997 945 1375 1012 significabat,
1415 948 1532 1007 ‘se‚
1573 961 1701 997 cum
1734 945 1917 996 libros
1953 941 2029 995 ad

198 1047 359 1084 sacra
382 1030 581 1099 populi
606 1029 949 1099 pertinentes
973 1029 1200 1098 legeret,
1227 1030 1722 1091 animadvertisse,
1763 1029 1903 1082 vitio
1943 1034 2029 1079 ta·

197 1116 556 1169 bernaculum
606 1111 870 1183 captum,i
923 1112 1199 1167 comitiisj
1259 1111 1690 1178 consularibus}
1729 1131 1859 1182 quae
1905 1113 2028 1181 ipse

248 1285 266 1305 ⁶
292 1279 521 1321 Laudabilis
538 1280 692 1333 quidem
707 1280 894 1331 religiosa
912 1279 1131 1320 ohedientia
1156 1281 1274 1321 unius
1301 1280 1471 1320 consulis
1490 1280 1703 1326 Postumii,
1730 1279 1795 1319 cui
1829 1278 2032 1323 duodecim

196 1339 310 1374 eram
327 1333 487 1374 lictores
508 1347 593 1374 cum
613 1333 814 1382 fascibus:
842 1336 908 1375 sed
924 1335 1158 1374 laudabilior
1176 1339 1235 1375 est
1252 1336 1414 1373 duorum
1430 1335 1628 1374 consulum
1651 1335 1697 1374 C.
1720 1333 1860 1384 Figuli
1883 1338 1920 1373 et
1942 1333 2032 1372 Sci·

191 1387 320 1439 pionis
342 1388 514 1441 Nasicoe,
543 1388 682 1440 quibus
698 1392 811 1428 erant
830 1391 898 1429 24.
918 1388 1078 1428 lictores
1094 1401 1182 1429 cum
1189 1388 1382 1438 fascibus.

1193 1492 1270 1509 ‘a

195 1564 414 1604 inconsulta
433 1564 522 1602 Dea
539 1577 556 1612 ,-
582 1568 628 1602 et
647 1563 710 1602 sic
731 1562 773 1601 in
793 1567 1004 1603 contextu
1023 1560 1146 1601 Leid.
1162 1564 1203 1602 7.
1222 1567 1267 1601 et
1289 1561 1464 1601 Venett.
1487 1565 1526 1601 l.
1546 1563 1586 1600 2.
1615 1560 1691 1600 sed
1721 1560 1762 1599 in
1794 1560 1971 1601 Medici.
1992 1564 2032 1602 3.

196 1618 408 1656 inconsulto
427 1617 529 1667 Deo,
559 1617 671 1668 quod
699 1617 888 1657 correxit
907 1614 1172 1667 Theophilus
1203 1616 1263 1667 in,
1295 1615 1514 1654 inconsulto
1545 1628 1603 1663 eo,
1631 1627 1692 1654 sc.
1713 1614 1960 1654 Pontifice:
1990 1616 2035 1662 in

200 1670 320 1711 Leid.
339 1674 380 1711 8.
409 1669 540 1710 ml’cta
557 1672 752 1711 dem-22
779 1670 1031 1710 Perizonius
1052 1669 1135 1720 legi
1155 1669 1317 1720 jussit:
1348 1669 1477 1709 literis
1501 1681 1553 1709 ea:
1575 1668 1780 1721 provincia
1805 1669 1964 1715 missis,-
1992 1675 2037 1710 et

198 1725 259 1764 sic
280 1724 408 1764 estin
429 1723 623 1764 omnibus
642 1721 736 1764 fere
758 1723 885 1764 codd.
914 1729 960 1764 et
986 1722 1086 1763 edd.
1118 1730 1220 1763 ante
1251 1723 1469 1775 Pighium,
1495 1723 1567 1777 qni
1602 1722 1768 1763 edidit:
1797 1723 1924 1762 literae
1945 1728 2035 1764 sunt

1020 1845 1200 1887 NOTAE

254 1946 273 1967 θ
301 1935 466 1992 Egredi'
480 1953 616 1994 passus
634 1955 709 1982 non
726 1942 804 1994 est]
834 1942 967 1994 Quod
985 1954 1083 1983 cau-

199 2017 258 2046 sae
276 2003 374 2056 fuit,
402 2011 450 2045 ut
477 2006 561 2046 duo
591 2007 808 2046 Praetores
830 2007 975 2046 Romoe
997 2006 1083 2058 pri-

201 2079 315 2108 mum
353 2076 632 2110 crearentur:
664 2081 846 2122 quorum
880 2070 993 2109 alter
1039 2069 1084 2108 in

201 2132 307 2172 urbe
323 2132 488 2172 civibus
495 2133 571 2184 jus
586 2133 770 2184 diceret,
784 2135 893 2174 alter
909 2134 951 2174 in
969 2134 1084 2173 bello

202 2194 372 2235 adesset
405 2195 595 2237 Consuli.
651 2197 779 2239 Quod
813 2210 867 2238 ex
903 2196 1086 2237 Liviana

201 2252 403 2360 hEpitome
443 2260 629 2311 probant
664 2261 864 2313 Sigonius
903 2266 949 2301 et
982 2261 1086 2312 Pig„

233 2334 312 2362 ius.

257 2391 276 2429 t
306 2382 390 2424 An.
412 2384 476 2424 M.
496 2387 618 2427 3812.
677 2385 751 2426 01.
771 2388 864 2426 134.
886 2389 928 2426 3.
970 2386 1081 2426 Urb.

201 2447 253 2487 C.
272 2449 369 2488 511.
412 2446 518 2488 Ant.
535 2448 614 2488 Ch.
635 2452 730 2489 241,

253 2507 270 2536 ¹
284 2509 502 2551 Duodecim
508 2511 702 2563 fascium]
722 2511 916 2553 Primum
935 2512 1085 2565 regiae,

199 2572 361 2614 deinde
390 2576 625 2616 consularis
645 2577 874 2628 potestatis
908 2575 1085 2617 fuerunt

201 2636 406 2688 insignia,
433 2650 531 2689 quae
561 2639 753 2691 lictores,
781 2653 857 2680 seu
878 2640 1086 2692 Regibus,

200 2709 278 2738 seu
296 2697 551 2742 Consulibus
570 2701 625 2742 ad
654 2709 864 2744 terrorem
881 2703 1084 2756 praefere-

202 2760 321 2802 bant.
376 2761 610 2814 Vin-garum
641 2773 766 2806 erant
799 2765 1011 2818 fasciculi,
1041 2766 1083 2805 in

200 2824 354 2879 quibus
389 2827 454 2866 ita
487 2828 649 2868 securis
678 2835 774 2870 erat
805 2829 998 2882 alligata,
1036 2835 1086 2870 ut

203 2885 362 2928 ferrum
382 2889 426 2928 in
446 2901 609 2930 summo
629 2889 744 2932 fasce
761 2896 947 2934 extaret.
989 2891 1087 2932 Hoc

202 2951 392 2994 instituit
427 2954 648 3007 Romulus,
687 2957 780 2997 sive
816 2969 873 2998 ex
909 2969 1089 2998 numero

206 3014 365 3066 avium,
381 3027 478 3068 quae
494 3018 671 3069 augurio
692 3031 872 3072 regnum
892 3020 974 3074 ipsi
995 3033 1089 3073 por-

206 3076 452 3130 tenderant,
479 3079 571 3120 sive
591 3081 645 3121 ab
677 3082 872 3124 Etruscis
893 3085 1087 3126 adscive-

207 3139 279 3190 rit,
301 3139 356 3180 dc
375 3140 531 3193 quibus
551 3143 631 3184 hoc
651 3145 706 3186 ab
724 3147 972 3188 auctoribus
991 3160 1088 3200 pro-

206 3203 343 3244 ditum
375 3209 466 3254 est;
494 3207 607 3258 quod
645 3219 743 3248 cum
773 3221 828 3249 ex
858 3210 1088 3251 duodecim

206 3273 458 3308 constarent
488 3271 674 3322 populis,
712 3272 867 3325 singuli
899 3274 1090 3326 singulos

204 3329 400 3383 lictores,
434 3333 628 3375 *omnium
675 3347 902 3389 consensu,
943 3342 1091 3378 creato

213 3393 324 3448 Regi
351 3397 591 3444 mitterent.

263 3463 284 3491 t
315 3457 378 3498 R.
410 3461 514 3500 entim
546 3461 745 3516 Graccho]
780 3464 1090 3516 Gracchorum,

211 3520 288 3573 qui
306 3532 514 3564 novarum
533 3536 675 3570 rer-um
707 3527 853 3580 cupidi
884 3528 927 3567 in
958 3528 1091 3571 tribu»-

1153 1946 1255 1982 natu
1276 1940 1420 1982 necati
1447 1946 1564 1990 sunt,
1592 1941 1664 1981 ille
1687 1948 1814 1994 pater
1831 1939 1943 1981 fuit:
1975 1940 2040 1980 vir

1154 2005 1258 2046 belli
1291 2005 1499 2058 pacisque
1550 2005 1715 2044 artibus
1762 2004 2037 2045 clarissimus.

1151 2070 1264 2110 Vide
1284 2070 1410 2121 plura
1429 2071 1470 2108 in
1493 2075 1621 2120 gente
1640 2069 1911 2121 Sempronia.

1205 2133 1225 2160 ὓ
1272 2136 1341 2174 Ex
1388 2133 1592 2186 provincia
1630 2133 1779 2184 missis]
1824 2132 2038 2184 Sardinia,

1151 2209 1280 2250 quam
1317 2209 1372 2236 ex
1406 2199 1595 2237 secundo
1625 2198 1865 2237 Consulatu
1890 2207 2038 2248 proro-

1153 2266 1254 2313 gato
1273 2260 1455 2314 imperio
1474 2266 1597 2300 extra
1622 2260 1816 2301 ordinem
1844 2260 2040 2300 obtinue-

1155 2331 1236 2366 rat.

1203 2388 1215 2417 ¹
1241 2389 1351 2430 Vitio
1368 2388 1659 2428 tabernaculum
1673 2387 1851 2440 captum]
1873 2387 2042 2428 Taber-

1152 2453 1354 2493 naculum
1388 2453 1494 2493 vitio
1527 2459 1702 2504 captum
1733 2452 1977 2503 dicebatur,
2007 2452 2042 2490 si

1154 2516 1189 2555 is
1209 2515 1333 2567 cujus
1349 2521 1445 2556 erat
1465 2515 1690 2567 augurium
1709 2526 1883 2566 capere,
1912 2519 2042 2566 capto

1154 2578 1454 2630 tabernaculo,
1479 2578 1643 2630 egisset
1667 2577 1888 2630 quidpiam
1910 2578 2043 2627 aliud,

1154 2643 1271 2695 quod
1307 2642 1362 2682 ad
1399 2642 1625 2691 augurium
1651 2642 1755 2681 nihil
1787 2642 2043 2694 pertineret.

1155 2704 1225 2744 Ita
1261 2705 1379 2745 Plnt.
1449 2705 1502 2744 In
1549 2717 1601 2746 eo
1639 2716 1742 2745 vero
1782 2710 2045 2756 peccaverat

1155 2769 1396 2820 Gracchus,
1426 2768 1544 2822 quod
1573 2781 1670 2809 cum
1690 2769 1882 2820 cepisset
1901 2769 2044 2809 taber-

1153 2833 1352 2873 naculum
1384 2833 1427 2873 in
1459 2832 1596 2873 hortis
1629 2833 1862 2884 Scipionis,
1891 2842 1937 2872 et
1969 2843 2042 2883 po-

1155 2896 1351 2936 moerium
1397 2901 1550 2948 postea
1595 2897 1815 2946 intrasset,
1859 2897 2041 2936 Senatus

1155 2959 1344 3000 habendi
1381 2971 1536 3012 caiisa3
1583 2961 1629 3000 in
1661 2959 1902 3009 redeundo,
1946 2969 2043 2998 cum

1157 3023 1271 3063 idem
1303 3023 1513 3064 transiret
1531 3023 1801 3076 pomoerium,
1829 3020 2043 3072 auspicari

1154 3090 1272 3125 esset
1302 3085 1489 3126 oblitus:
1519 3086 1668 3138 sicque
1702 3085 1949 3136 imprudens
1980 3083 2041 3120 in-

1153 3148 1381 3199 auspicato
1435 3148 1690 3199 pomoerium
1751 3154 2042 3195 transgressus

1155 3217 1239 3252 est.
1284 3210 1396 3259 Haec
1416 3212 1570 3252 Cicero
1589 3211 1642 3249 de
1666 3211 1835 3250 Natura
1852 3209 2043 3246 Deorum

1158 3275 1236 3315 lib.
1259 3285 1311 3315 ιι.
1339 3280 1387 3315 et
1406 3275 1461 3315 de
1479 3274 1758 3316 Divinatione
1778 3271 1852 3315 lib.
1872 3282 1924 3310 11.

1207 3337 1223 3374 -l
1253 3336 1456 3390 comitiis]
1486 3337 1525 3378 A
1546 3334 1739 3377 coeundo
1768 3333 1885 3374 dicta
1917 3337 2040 3372 sunt:

1158 3402 1271 3455 quod
1302 3414 1405 3442 vero
1436 3401 1620 3453 populus
1653 3397 1781 3437 modo
1815 3397 1856 3436 in
1887 3396 2044 3445 tribus,

1158 3464 1284 3504 modo
1304 3464 1346 3504 in
1367 3464 1524 3512 curias,
1538 3460 1666 3501 modo
1685 3461 1726 3499 in
1746 3461 1963 3500 centurias
1983 3459 2046 3498 di-

1161 3529 1275 3571 visus
1310 3526 1561 3578 suffragium
1595 3523 1758 3574 ferret3
1791 3523 1890 3564 ideo
1910 3521 2046 3574 tripli-
