2346 3952
634 290 948 331 GENTIBUS
993 289 1065 327 ΕΤ
1109 285 1412 326 FAMILIIS.

113 410 239 452 nibus
258 409 511 460 honoribus,
533 408 608 450 sed
629 409 681 450 iis
702 413 887 459 tantum,
920 407 994 460 qui

111 474 282 514 curules
312 479 473 524 essent,
503 472 754 524 Consulatu,
787 472 993 521 Censura,

112 537 327 585 Praetura,
347 541 393 576 et
426 537 590 589 aliquot
616 535 737 575 annis
758 540 857 586 post
877 533 992 572 AEdi-

110 599 236 640 litate
262 599 422 651 majore
452 600 708 652 parabatur:
745 598 812 637 his
844 608 990 636 mune-

111 661 229 702 ribus
267 662 342 714 qui
378 661 575 702 defuncti
610 665 732 701 erant
755 660 830 712 jus
862 659 991 699 habe-

110 725 218 766 bant
235 725 492 778 imaginum3
519 725 591 764 alii
610 736 694 764 non
719 723 851 763 item:
894 735 991 762 nam

109 788 182 841 qui
217 787 499 840 Magistratus
541 787 712 828 curules
753 791 991 838 gesserant,

110 850 194 891 illis
213 850 279 891 sui
298 851 524 903 imaginem
542 850 704 890 habere
730 849 860 900 domi,
894 860 991 901 pos-

1871 270 1943 324 31

1063 404 1249 458 terisque
1268 402 1512 454 relinquere
1529 398 1596 440 fas
1615 404 1734 448 erat;
1763 398 1945 439 vetitum

1062 469 1170 509 aliis.
1226 466 1352 507 Unde
1366 464 1570 516 colligere
1590 462 1710 513 licet,
1725 473 1797 501 eos
1813 460 1947 502 fuisse

1061 531 1256 579 Nobiles,
1275 530 1344 582 qui
1367 529 1524 568 multas
1543 527 1757 579 Major-um
1773 537 1947 567 suorum

1062 599 1338 635 ostentarent
1370 592 1604 644 imagines;
1643 602 1717 630 eos
1746 602 1848 630 vero
1874 591 1946 630 ho·

1061 657 1199 696 mines
1229 669 1380 707 novos,
1412 655 1484 708 qui
1518 666 1613 694 cum
1646 653 1785 693 nullas
1819 652 1948 693 habe-

1061 728 1188 770 rent;
1246 721 1534 771 Magistratus
1568 725 1711 757 tamen
1760 717 1947 768 curules,

1062 785 1129 824 vel
1148 796 1171 822 e
1191 789 1337 835 gente,
1358 784 1427 823 vel
1459 795 1483 822 e
1504 781 1666 823 familia
1700 793 1792 834 sua,
1819 780 1946 834 primi

1062 853 1411 900 assequerentur.

687 945 925 1059 GENS
992 995 1366 1057 AEMILIA.

114 1159 117 1162 ,
162 1117 275 1157 Siva·
292 1127 318 1157 a
343 1117 565 1157 Mamerco
593 1116 859 1169 Pytliagorae
887 1115 992 1165 filio,

109 1181 200 1222 sive
236 1179 291 1220 ab
323 1179 494 1220 AEmilio
523 1181 667 1220 AEneae
696 1185 872 1231 nepote,
901 1180 992 1219 sive

109 1244 163 1285 ab
182 1243 352 1284 Amulio
388 1243 652 1284 Albanorum
701 1255 822 1295 rege,
871 1242 991 1283 Gens

109 1307 279 1348 AEmilia
311 1319 446 1360 genus
477 1320 597 1347 suum
630 1311 826 1360 repetat;
865 1308 992 1347 aliter

110 1371 222 1410 enim
254 1371 350 1410 aliis
382 1371 553 1422 placet3
583 1383 607 1409 a
635 1371 839 1422 singulari
869 1377 991 1410 certe

112 1439 188 1475 aut
217 1435 304 1474 oris
335 1439 580 1485 venustate,
610 1440 683 1473 aut
703 1434 910 1474 sermonis
930 1435 991 1474 le·

110 1507 214 1548 pore
233 1495 392 1535 AEmilii
419 1507 572 1535 nomen
599 1496 778 1536 invenit.
835 1497 891 1536 Et
910 1497 993 1536 Pa.

110 1560 240 1600 tricia
258 1559 464 1613 majorum
483 1559 673 1611 gentium
693 1558 775 1599 fuit
806 1565 852 1599 et
880 1572 992 1601 sum-

110 1623 191 1665 mis
202 1633 372 1675 semper
384 1621 614 1676 perfuncta
626 1622 869 1664 honoribus.
892 1623 993 1675 Sep·

1061 1119 1148 1154 tem
1181 1113 1447 1164 potissimum
1475 1111 1658 1152 familias
1695 1111 1948 1165 complecti-

1062 1182 1149 1227 tur,
1183 1178 1444 1227 Mamercos,
1483 1177 1711 1228 Barbulas,
1751 1178 1945 1229 Pappos,

1061 1239 1265 1291 Regillos,
1296 1241 1473 1292 Paulos,
1508 1241 1707 1292 Scauros,
1742 1241 1946 1293 Lepidos.

1060 1303 1171 1344 Aliae
1212 1305 1339 1356 enirn,
1375 1317 1480 1357 quas
1519 1304 1642 1344 addit
1672 1304 1944 1356 Onuphrius,

1060 1368 1331 1408 obscuriores
1351 1373 1464 1408 sunt.
1520 1369 1588 1408 De
1616 1373 1816 1420 quatuor,
1836 1379 1945 1420 quas

1061 1433 1230 1472 Primas
1262 1433 1491 1485 appellavi,
1522 1431 1711 1481 familiis,
1742 1431 1844 1483 quia
1872 1443 1945 1470 ve-

1060 1496 1216 1535 tustior
1234 1507 1379 1535 earum
1410 1495 1616 1536 memoria
1643 1500 1725 1545 est,
1753 1494 1944 1535 dicemus

1062 1559 1232 1611 paucis:
1263 1559 1317 1599 de
1337 1559 1429 1602 aliis
1455 1560 1584 1612 paulo
1605 1559 1795 1603 uberius.

273 1758 567 1813 AEMILII
607 1757 1010 1824 MAMERCI,
1050 1760 1474 1825 BARBULAE,
1514 1758 1780 1826 PAPPI,

505 1869 514 1873 ’
780 1859 881 1912 ΕΤ
920 1859 1270 1913 REGILLI.

165 1970 346 2012 AEmmi
371 1972 603 2012 MAMERct
633 1971 688 2012 ab
719 1984 829 2012 anno
858 1971 991 2012 Urbis

108 2038 203 2076 260.
227 2035 279 2075 ad
299 2048 456 2075 annum
485 2037 658 2076 circiter
685 2040 781 2076 450.
804 2048 988 2076 summos

109 2098 154 2138 in
169 2098 408 2149 Republica
421 2099 701 2150 Magistratus
715 2099 862 2150 adepti
878 2104 992 2139 sunt.

109 2161 244 2200 Multi
273 2162 492 2211 Consules,
524 2162 648 2201 multi
680 2162 856 2201 Tribuni
882 2161 992 2200 mili-

110 2228 228 2265 tares
273 2224 484 2265 consulari
524 2230 762 2276 potestate,
801 2223 992 2263 nonnulli

108 2287 242 2327 etiam
261 2288 530 2337 Dictatores,
545 2292 591 2327 et
611 2287 812 2339 triumphi
833 2289 992 2330 honore

109 2350 324 2402 insignem
353 2363 529 2403 quorum
551 2351 685 2394 virtus
705 2351 748 2390 in
776 2350 898 2391 bellis
919 2351 992 2391 ad-

109 2426 258 2454 versus
294 2414 488 2466 Volscos,
524 2413 702 2467 AEquos,
741 2414 993 2468 Fidenates,

109 2477 306 2530 Sabinos,
338 2483 384 2518 et
420 2478 623 2520 Veientes
656 2478 828 2524 enituit.
883 2479 993 2519 Aliis

112 2540 305 2581 omnibus
324 2553 464 2581 rerum
478 2545 691 2594 gestarum
711 2542 848 2593 gloria
863 2542 992 2594 longe

111 2604 319 2656 praestitit
327 2605 462 2645 Mam.
477 2604 669 2644 AEmilius
685 2606 991 2658 Mamercinus,

113 2666 188 2720 qui
227 2666 440 2708 Tribunus
487 2669 684 2708 militaris
734 2681 844 2709 anno
896 2673 991 2710 315.

112 2729 270 2770 deinde
300 2737 366 2770 ter
401 2731 607 2772 Dictator
634 2731 744 2782 suit;
784 2737 828 2772 et
858 2734 992 2773 semel

112 2798 242 2844 atque
268 2792 424 2832 iterum
452 2794 507 2833 de
538 2794 815 2834 Fidenatibus
844 2796 992 2835 trium-

111 2853 274 2906 phavit.
348 2855 667 2896 Mamercorum
723 2856 884 2898 familia
937 2859 992 2898 ab

76 2968 83 2973 .
114 2929 225 2958 anno
250 2921 346 2959 450.
367 2931 447 2971 per
472 2933 601 2961 annos
625 2923 809 2973 amplius
839 2921 993 2962 ducen-

114 2985 183 3022 tos
223 2981 378 3038 jacuit,
421 2982 558 3023 donec
607 2983 742 3024 Mam.
797 2983 992 3026 AEmilius

113 3042 314 3084 Livianus
347 3057 457 3085 anno
489 3049 583 3088 676.
620 3046 778 3086 Consul
821 3055 994 3089 creatus

113 3111 209 3148 est:
239 3107 354 3147 illum
375 3108 486 3149 enim
514 3120 568 3148 ex
596 3110 914 3153 Mamercorum
932 3110 994 3151 fa-

114 3169 230 3209 milia
246 3171 367 3210 multi
383 3169 512 3211 fuisse
531 3172 821 3223 suspicantur.

167 3233 448 3274 Barbularum
474 3247 630 3274 nomen
658 3234 710 3274 ab
735 3246 844 3275 anno
863 3235 994 3276 Urbis

114 3297 209 3338 430.
228 3294 282 3334 ad
303 3308 456 3335 annum
474 3300 567 3336 530.
586 3294 743 3336 floruit.
797 3298 994 3340 Quatuor

115 3357 378 3407 potissimum
403 3365 707 3400 memorantur.
752 3371 785 3399 1.
807 3360 993 3402 Quintus

115 3416 307 3460 AEmilius
340 3421 529 3461 Barbula
561 3422 795 3463 Consulatu
831 3423 994 3474 duplici

119 3490 230 3521 auno
266 3483 360 3524 486.
393 3488 439 3524 et
474 3486 571 3527 442.
604 3485 900 3541 triumphoque
938 3485 993 3528 de

1061 1972 1259 2013 Etruscis
1293 1974 1458 2023 clarus;
1492 1972 1618 2024 cujus
1655 1971 1742 2010 duo
1773 1969 1851 2010 filii
1887 1982 1942 2011 11.

1061 2037 1236 2076 Marcus
1259 2043 1305 2076 et
1325 2049 1400 2077 ιιι.
1431 2037 1603 2086 Lucius,
1621 2041 1805 2088 uterque
1832 2035 1946 2075 Con-

1060 2100 1153 2148 sul;
1183 2100 1255 2139 ille
1277 2113 1386 2139 anno
1406 2103 1501 2141 468.
1530 2099 1600 2139 hic
1626 2102 1724 2139 472.
1765 2098 1943 2138 Marcus

1060 2162 1191 2201 etiam
1221 2162 1427 2202 Dictator
1452 2161 1558 2211 fuit3
1590 2162 1746 2201 Lucius
1776 2161 1832 2201 de
1857 2161 1945 2201 Ta-

1060 2225 1240 2265 rentinis
1278 2231 1323 2265 et
1370 2225 1632 2265 Samnitibus
1678 2224 1944 2276 triumphum

1060 2289 1162 2340 egit.
1195 2300 1262 2329 lv.
1289 2289 1412 2329 Lucii
1437 2288 1551 2328 filius
1580 2288 1758 2330 Marcus
1784 2288 1944 2330 Consul

1060 2350 1234 2402 ponitur
1251 2363 1362 2391 anno
1381 2354 1475 2392 523.

1113 2414 1363 2466 Papporum
1382 2415 1532 2454 domus
1560 2413 1615 2454 ab
1644 2426 1754 2454 anno
1771 2416 1865 2454 430.
1889 2413 1943 2453 ad

1058 2480 1154 2516 580.
1191 2477 1372 2518 celebris
1416 2477 1646 2518 admodum
1689 2476 1790 2526 fuit,
1825 2478 1945 2529 cujus

1060 2541 1263 2592 princeps
1295 2553 1327 2582 1.
1358 2543 1534 2582 Marcus
1565 2543 1773 2581 Dictator
1799 2540 1943 2581 dictus

1060 2608 1126 2643 est
1157 2615 1267 2644 anno
1295 2607 1388 2644 432.
1417 2603 1504 2644 filio
1535 2610 1680 2644 tamen
1709 2609 1756 2644 et
1784 2608 1944 2655 nepote

1059 2666 1221 2706 virtute
1249 2668 1385 2706 multo
1415 2666 1621 2716 inferior3
1650 2666 1711 2705 illi
1738 2666 1944 2715 Quintus,

1058 2729 1158 2769 huic
1206 2730 1365 2770 Lucius
1406 2742 1561 2769 nomen
1600 2728 1707 2769 fuit:
1758 2735 1943 2782 uterque

1061 2795 1240 2835 Censor.
1274 2795 1360 2834 Sed
1382 2807 1434 2835 11.
1463 2795 1649 2836 Quintus
1663 2795 1727 2834 bis
1745 2807 1840 2835 cum
1862 2795 1943 2834 Fa-

1059 2856 1196 2896 bricio
1243 2858 1401 2898 Consul
1457 2870 1568 2898 auno
1612 2862 1708 2898 471.
1758 2864 1802 2898 et
1846 2861 1943 2898 475.

1062 2920 1216 2972 Pyrrhi
1248 2921 1411 2961 retudit
1436 2921 1638 2973 impetus.
1679 2932 1753 2961 111.
1784 2919 1943 2960 Lucius

1061 2994 1165 3023 vero
1195 2983 1356 3023 Consul
1390 2997 1501 3025 anno
1534 2983 1943 3038 528squadraginta

1063 3045 1286 3087 Gallorum
1323 3047 1454 3087 millia
1496 3048 1673 3096 cecidit,
1711 3047 1767 3086 de
1803 3047 1941 3099 iisque

1062 3108 1358 3160 triumphavit.
1399 3121 1466 3150 1v.
1495 3109 1616 3149 Lucii
1634 3108 1747 3150 filius
1766 3108 1941 3149 Marcus

1062 3172 1192 3212 Curio
1206 3172 1289 3212 fuit
1307 3173 1542 3223 Maximus,
1556 3185 1601 3213 v.
1624 3183 1760 3222 nepos
1781 3171 1940 3211 Lucius

1063 3236 1234 3275 Praetor
1249 3236 1435 3275 Siciliam
1459 3235 1657 3275 obtinuit.

1113 3299 1151 3338 E
1173 3299 1367 3350 Regillis,
1386 3310 1492 3337 unus
1513 3296 1766 3349 perhibetur
1781 3295 1942 3339 Lucius

1060 3360 1218 3400 bellica
1251 3361 1376 3400 laude
1409 3360 1600 3411 insigniS,
1630 3359 1703 3411 qui
1734 3360 1849 3400 victa
1884 3361 1939 3402 ad

1059 3426 1320 3477 Myonesum
1365 3424 1568 3464 Antiochi
1614 3423 1764 3476 Magni
1805 3425 1941 3465 classe

1060 3487 1230 3529 Praetor
1259 3487 1517 3539 triumphum
1548 3487 1743 3529 navalem
1771 3499 1940 3530 assecu-
