2352 4022
662 305 796 344 cAP.
822 304 903 342 ιν.
946 302 1027 342 nn
1068 300 1507 342 spncmcums.
1890 291 1998 344 255

169 440 552 494 saepenumero
586 423 869 476 animosas
911 422 1065 475 acies
1102 422 1500 484 instruxerunt,
1554 419 2014 489 excogitataque

171 510 354 563 cultus
382 507 666 572 Deorum,b
703 514 761 560 et
782 507 1068 559 hominum
1092 505 1483 558 delectationis
1512 521 1704 570 causa,
1743 522 1854 558 non
1882 508 1999 559 sine

173 594 360 662 aliquo
386 595 546 662 pacis
591 594 791 646 rubore
837 591 1178 658 voluptatem
1221 597 1277 643 et
1313 591 1638 658 religionem
1679 591 1833 643 civili
1872 607 1998 643 san-

174 679 353 744 guine,
381 679 726 731 scenicorum
750 681 1142 744 portentorum
1162 675 1357 741 gratia,
1382 677 1772 728 macularunt!

244 764 299 816 2.
341 762 487 826 Quae
525 763 787 814 inchoata
821 760 1048 828 quidem
1091 765 1222 812 sunt
1260 776 1294 812 a
1334 760 1623 826 Messalla,
1665 767 1720 813 et
1764 760 2002 813 Cassioc

175 847 537 912 censoribus3
577 850 821 899 ceterum
841 850 1070 896 auctore
1096 843 1163 895 P.
1194 845 1461 911 Scipione
1490 845 1746 898 Nasicad
1784 862 2002 899 omnem

176 936 508 1000 apparatum
562 931 747 999 operis
795 947 981 982 eorum
1032 929 1342 997 subjectum
1377 930 1586 983 hastae⁰
1620 932 1842 984 venire²
1880 931 2002 999 pla-

174 1012 369 1068 cuit.⁶*
443 1014 631 1082 Atque
675 1015 876 1066 etiam³
941 1013 1450 1066 Senatusconsulto
1491 1020 1712 1068 cautum
1747 1022 1852 1080 est,
1893 1021 1908 1043 ‘
1933 1033 2002 1068 ne

174 1100 297 1167 quis
320 1099 378 1150 in
404 1099 577 1162 Urbe,
611 1099 919 1167 propiusve
959 1115 1169 1166 passus
1196 1100 1366 1163 mille,
1413 1101 1684 1153 subsellia
1728 1101 2002 1169 posuisse,

176 1183 446 1236 sedensve
463 1183 628 1236 ludos
656 1188 907 1252 spectare
926 1182 1131 1248 vellet,'
1155 1190 1218 1236 ut
1232 1186 1443 1238 scilicet
1461 1186 1775 1238 remissioni
1795 1187 2002 1238 animo-

173 1282 296 1319 rum
332 1267 529 1335 juncta
554 1268 743 1320 standi
777 1268 1014 1321 virilitas
1058 1269 1286 1336 propria
1328 1269 1603 1323 Romanae
1649 1268 1832 1338 gentis
1872 1274 2004 1323 nota

174 1357 394 1405 esset.⁰†

244 1435 298 1488 3.
336 1435 445 1488 Per
483 1436 815 1505 quingentos
855 1442 1037 1489 autem
1071 1443 1129 1489 et
1171 1438 1577 1506 quinquaginta
1616 1443 1788 1492 octo4
1825 1454 2003 1491 annos

173 1526 397 1573 senatus
424 1521 635 1588 populo
659 1521 870 1573 mixtus
914 1522 1245 1589 spectaculo
1285 1522 1536 1575 ludorum
1559 1523 1844 1576 interfuit.
1895 1523 2007 1575 Sed

226 1691 247 1710 ⁸
277 1686 378 1725 Cum
391 1687 439 1725 de
456 1685 696 1726 militaribus
716 1691 916 1728 institutis
933 1689 1119 1740 dixerim,
1138 1699 1240 1727 nunc
1259 1688 1393 1739 loquar
1410 1689 1458 1727 de
1480 1686 1677 1737 Theatris,
1688 1699 1775 1738 quae
1791 1690 1882 1725 sunt
1895 1687 2008 1738 quasi

172 1743 303 1778 castra
319 1739 486 1790 urbana,
514 1740 559 1779 in
577 1740 716 1792 quibus
733 1753 833 1792 saepe
851 1742 1103 1781 instruuntur
1132 1746 1271 1780 tur-mcc
1286 1742 1571 1791 gladiatorum,
1586 1742 1691 1780 velut
1708 1740 1813 1780 acies
1833 1740 2006 1788 sortiter

173 1791 280 1831 inter
297 1803 339 1831 se
357 1793 612 1834 dimicantes:
641 1806 733 1833 nam
751 1795 924 1845 theatra,
942 1799 1146 1835 exstructa
1175 1795 1221 1834 ob
1254 1796 1429 1835 Deorum
1459 1795 1621 1846 cultum,
1654 1798 1694 1834 et
1712 1794 2006 1834 delectationem

172 1844 383 1896 Ιιωιιίηιυη,
403 1847 592 1886 dederunt
619 1848 885 1900 spectantibus
902 1850 1140 1900 voluptatem
1171 1849 1282 1900 pacis
1311 1853 1481 1899 tempore
1513 1847 1823 1888 erubescenaam:
1853 1848 1944 1899 quia
1962 1847 2007 1886 in

168 1898 322 1949 preliis
338 1899 514 1950 scenicis,
525 1901 626 1952 quod
645 1906 906 1941 monstrosum
924 1903 1097 1954 videtur,
1117 1915 1217 1953 saepe
1234 1902 1362 1941 civilis
1374 1903 1536 1952 sanguis
1553 1901 1701 1953 effusus
1718 1905 1792 1941 est.

223 1949 242 1977 ¹³
275 1951 419 1992 Verum
436 1953 617 2008 hortante
637 1955 687 1995 P.
709 1955 892 2007 Scipione
926 1956 1078 1995 Nasica
1105 1956 1255 2007 placuit
1284 1968 1434 1995 omnem
1452 1956 1559 1995 illius
1590 1956 1740 1994 theatri
1771 1958 2006 2006 apparatum

171 2005 287 2045 vendi
302 2005 517 2055 suln'ectum
535 2008 710 2047 auctioni
720 2010 900 2060 publicoe,
918 2010 1139 2061 quoefiebat
1153 2009 1223 2049 sub
1241 2010 1373 2049 hasta.

222 2064 239 2084 ⁰
272 2059 329 2098 Ut
345 2059 495 2100 scilicet
513 2061 578 2100 ille
592 2061 746 2101 habitus
769 2064 903 2102 standi
920 2064 1066 2113 dignus
1082 2063 1184 2102 viris
1203 2061 1380 2110 fortibus
1406 2063 1568 2114 junctus
1585 2073 1672 2102 cum
1703 2060 1922 2101 animorum
1940 2073 2003 2101 re-

173 2110 352 2152 missione
367 2119 664 2164 cognosceretur
682 2128 764 2156 esse
777 2117 964 2168 proprius
983 2116 1173 2156 Romame
1183 2117 1331 2166 gentis.

942 2233 1240 2249 ‘ooeemeeee

172 2317 281 2354 vett.
300 2313 522 2354 revocavit
541 2312 735 2365 Pighius.
791 2314 989 2355 Perizon.
1009 2316 1190 2356 Deorum
1213 2316 1410 2356 hominum
1442 2317 1533 2356 sine
1558 2317 1811 2368 copula—2
1838 2316 2006 2357 Gudins

172 2367 297 2419 legit,
325 2366 563 2407 mira—3
592 2367 733 2418 Itaque
765 2368 886 2406 etiam
915 2369 1073 2420 Ultraj.
1093 2373 1134 2409 2.
1175 2371 1304 2421 Atque
1329 2371 1446 2409 etiam
1478 2371 1608 2409 eodem
1639 2370 1808 2410 Senatus
1836 2372 2007 2410 consulto

172 2420 300 2461 Harl.
322 2420 486 2473 propius
502 2432 574 2460 sex
587 2433 725 2472 passus
741 2421 847 2460 mille
866 2422 1007 2462 Bitur.
1028 2427 1066 2462 1.
1084 2435 1129 2462 ve
1148 2423 1298 2463 delent
1317 2429 1501 2476 quatuor
1519 2436 1616 2463 cum
1637 2424 1792 2475 Ultraj.
1815 2426 1854 2464 1.
1898 2424 2007 2463 Tres

171 2473 448 2514 Torreniani:
474 2474 668 2525 posuisset
686 2475 835 2527 sedens,
863 2487 910 2514 ne
928 2477 1038 2515 ludos
1056 2481 1231 2527 spectare
1243 2489 1259 2524 ,⁶
1287 2483 1331 2516 et
1352 2477 1414 2516 sic
1434 2478 1554 2527 Mog.
1575 2477 1762 2529 quinque
1779 2491 1789 2517 :
1817 2477 2007 2528 posuisse,

172 2528 309 2567 sedem
324 2528 385 2566 vel
392 2526 529 2575 jacens
546 2528 656 2567 ludos
670 2531 844 2579 spectare
861 2529 1006 2576 vellet5
1033 2530 1231 2570 Perizon.
1249 2533 1386 2570 sedens
1404 2531 1486 2570 sive
1504 2531 1625 2570 ludos.
1670 2531 1776 2570 Mox
1789 2530 2008 2570 remissioni

173 2580 350 2620 Morum
367 2581 412 2619 in
430 2581 670 2620 nonnullis:
689 2581 833 2630 ⁴iuncta
851 2582 975 2621 deest
995 2583 1037 2621 in
1059 2583 1284 2624 duodecim
1305 2597 1401 2625 cum
1416 2585 1516 2624 Vct.
1535 2590 1579 2623 et
1600 2584 1719 2635 Mog.
1750 2583 1863 2624 unde
1882 2584 2006 2623 Peri-

173 2633 319 2672 zonius
337 2634 456 2673 malit
473 2634 712 2684 remissione,
728 2634 795 2673 vel
813 2635 856 2674 in
871 2636 1118 2677 remissione.-
1137 2638 1315 2678 Venett.
1336 2649 1431 2678 cum
1448 2637 1548 2677 Ald.
1564 2636 1745 2678 Ascens.
1763 2644 1807 2676 et
1821 2638 2003 2677 ceteris:

172 2686 391 2726 remissioni
422 2686 639 2726 animorum
669 2687 870 2736 injuncta3
897 2695 944 2727 et
973 2690 1054 2728 huc
1085 2690 1238 2731 alludit
1270 2691 1396 2731 Leid.
1425 2695 1466 2731 6.
1499 2691 1723 2742 exhibens,
1760 2691 2005 2731 ἐπανίστω-4

172 2739 300 2781 Harl.
320 2740 461 2781 Bitur.
482 2744 518 2781 1.
537 2739 698 2792 Ultraj.
722 2745 759 2782 1.
774 2744 813 2781 2.
831 2741 956 2782 Leid.
977 2747 1016 2784 5.
1035 2748 1081 2783 et
1099 2744 1220 2796 Mog.
1241 2745 1526 2796 quinquaginta
1544 2749 1584 2784 et
1601 2749 1686 2785 octo
1698 2758 1711 2785 :
1740 2745 1864 2785 Voss.
1886 2744 2006 2784 delet

995 2848 1178 2890 NOTAE

173 2926 396 2968 lehn-antur
428 2929 598 2969 theatra
632 2928 705 2980 Sp.
739 2928 952 2980 Mummii,
988 2929 1052 2969 M.
1121 2941 1222 2979 nus3
1252 2935 1435 2982 uterque
1456 2930 1614 2971 Consul
1634 2929 1874 2982 fuerat‚hic
1895 2941 2005 2970 anno

175 2989 339 3042 Scauri,
359 2995 406 3030 et
435 2990 652 3041 Curionis,
682 2991 966 3041 temporaria:
1009 2997 1056 3030 et
1121 2994 1215 3032 583.
1234 2991 1303 3031 ille
1321 3004 1430 3032 anno
1450 2997 1545 3034 593.

174 3051 375 3104 Pompeii
405 3053 556 3105 Magni
585 3064 640 3092 ex
672 3053 817 3105 lapide
844 3054 1055 3107 quadrato
1173 3053 1392 3106 dScipione
1429 3056 1597 3110 Nasica]
1654 3056 1741 3098 Qui
1775 3056 2003 3097 corculum

175 3115 344 3156 stabile.
1122 3117 1252 3168 vulgo
1269 3117 1412 3158 dictus
1434 3124 1512 3159 est.
1645 3124 1649 3127 “

227 3175 406 3218 ¹’Cultus
439 3177 634 3230 Deorum]
674 3178 786 3218 Ludi
817 3178 928 3219 enim
955 3180 1054 3220 Diis
1175 3186 1194 3206 θ
1212 3180 1376 3232 Hastae]
1418 3181 1654 3233 Figebatur
1683 3180 1805 3220 hasta
1835 3179 1878 3219 in
1899 3192 2000 3221 aue-

174 3240 429 3292 eonsecrati,
484 3241 654 3282 venatio
699 3241 873 3293 Dianae,
919 3243 1055 3283 Marti
1121 3243 1311 3284 tionibus
1331 3244 1528 3296 publicis.

175 3303 450 3355 gladiatores,
469 3306 587 3345 vocis
606 3310 652 3345 et
677 3316 934 3357 organorum
953 3319 1055 3346 con·
1175 3304 1200 3328 *
1218 3305 1303 3346 An.
1319 3307 1385 3346 M.
1405 3309 1528 3346 3900.
1558 3305 1630 3345 01.
1647 3309 1738 3347 156.
1755 3308 1794 3346 3.
1825 3304 1932 3346 Urb.
1949 3306 1999 3347 C.

174 3371 326 3407 centus
343 3367 535 3419 Apollini
553 3375 597 3407 et
615 3368 770 3419 Musis,
788 3374 834 3409 et
852 3369 927 3408 alii
947 3369 1054 3409 aliis.
1121 3372 1215 3408 599.
1234 3366 1340 3407 Ant.
1359 3369 1408 3408 C.
1428 3371 1522 3408 153.

227 3434 246 3455 ⁰
265 3430 452 3470 Messalla
469 3435 509 3471 et
539 3431 696 3482 Cassio]
741 3431 823 3471 Ille
842 3433 906 3472 M.
924 3431 1054 3472 Vale·
1177 3438 1195 3474 ψ
1214 3429 1297 3470 An.
1320 3431 1383 3469 M.
1399 3433 1520 3469 3904.
1549 3429 1620 3471 01.
1641 3432 1734 3472 157.
1756 3433 1795 3472 8.
1823 3429 1931 3471 Urb.
1950 3431 2000 3471 C.

175 3491 261 3532 rius
281 3491 501 3544 Messalla,
530 3493 600 3534 hic
631 3494 679 3534 C.
695 3493 869 3535 Cassius
898 3495 1054 3546 Longi·
1121 3498 1218 3534 603.
1244 3494 1348 3535 Ant.
1370 3493 1419 3535 C.
1440 3495 1533 3535 149.
1747 3486 1750 3506 ³
