2352 4022
492 343 626 381 cAP.
655 343 762 380 vn.
803 342 884 382 DE
926 342 1287 382 msumNA
1328 342 1640 382 mmmm.
1874 330 1982 385 289

155 469 215 516 et
237 463 343 515 sub
359 462 555 531 jugum
579 463 812 526 missis:³
835 462 903 516 L.
931 462 1240 514 Minucium
1255 459 1273 490 f
1291 463 1641 515 consulatum
1668 461 1948 530 deponere
1963 473 1984 502 ⁸

158 546 358 614 coegit,
383 548 533 616 quod
561 554 748 601 castra
773 548 896 616 ejus
920 548 1090 598 iidem
1115 547 1303 600 hostes
1330 548 1737 601 obsederant&
1788 547 1981 615 Indig—

156 647 288 683 num
314 633 461 683 enim
487 633 733 684 maximo
759 632 992 699 imperio
1037 631 1290 692 credidit,
1328 649 1492 701 quem
1517 650 1632 686 non
1658 649 1765 686 sua
1787 634 1982 696 virtuS,

154 715 257 768 sed
281 715 439 768 fossa
477 717 795 783 vallumque
832 721 1016 768 tutum
1057 717 1431 782 praestiterat:
1471 719 1674 786 cuique
1716 734 1984 770 verecun-

154 799 266 853 diae
289 816 400 851 non
427 800 623 862 fuerat,
670 817 823 852 arma
863 799 1125 851 Romana
1151 806 1300 852 metu
1326 804 1541 870 trepida
1566 805 1774 856 clausis
1810 804 1984 871 portis

154 885 444 937 contineri.
537 885 684 952 Ergo
729 885 1177 952 imperiosissimi
1228 899 1343 938 xil.
1383 888 1583 952 fasceS,
1626 905 1800 956 penes
1841 903 1986 957 quos

158 974 408 1034 senatus,
433 970 789 1037 etz-equestris
821 970 1050 1032 ordiniS,
1087 975 1144 1022 et
1185 972 1460 1023 universae
1498 975 1682 1040 plebis
1710 982 1984 1025 summum

153 1053 329 1107 decus
354 1059 488 1118 erat,
514 1071 860 1123 quorumque
886 1060 1028 1106 nutu
1054 1054 1282 1107 Latium
1322 1072 1390 1108 ac
1427 1058 1602 1109 totius
1629 1057 1812 1109 Italiae
1838 1058 1987 1109 vires

152 1139 501 1206 regebantur,
525 1139 743 1190 contusi
783 1143 950 1207 atque
989 1138 1156 1191 fracti
1193 1139 1503 1192 dictatoriae
1542 1156 1603 1192 se
1643 1131 1986 1193 animadver-

153 1222 300 1296 sioni
323 1223 787 1276 substraverunt&
857 1221 947 1276 Ac
972 1239 1042 1275 ne
1069 1224 1249 1276 inulta
1280 1224 1420 1276 foret
1444 1224 1585 1277 laesa
1599 1231 1643 1264 2⁷
1680 1225 1863 1293 gloria
1885 1226 1988 1276 mi-

152 1307 352 1371 lituris,
378 1307 579 1360 consul
619 1307 812 1360 delicti
856 1309 1032 1360 omnis
1070 1307 1277 1360 vindex
1317 1309 1554 1375 punitus
1591 1314 1694 1362 est.
1769 1309 1904 1374 His,
1929 1320 1990 1363 ut

152 1391 237 1445 ita.
259 1392 467 1456 dicam,
492 1393 758 1460 piaculis,
784 1392 945 1446 Mars
972 1394 1188 1461 imperii
1230 1394 1408 1445 nostri
1449 1398 1622 1461 pater,
1664 1395 1763 1447 ubi
1801 1395 1991 1462 aliqua

155 1483 229 1529 ex
252 1482 412 1546 parte
452 1494 488 1530 a
521 1478 634 1529 tuis
679 1479 952 1546 auspiciis
992 1478 1380 1543 degeneratum
1420 1482 1553 1540 erat,
1592 1495 1793 1531 numen
1836 1484 1990 1532 tuum

152 1562 595 1630 propitiabatur:
635 1562 880 1614 affinium
921 1567 978 1614 et
1021 1566 1383 1628 cognatorum
1424 1566 1480 1614 et
1519 1562 1751 1615 fratrum
1794 1565 1991 1628 nota‚²⁸

153 1646 394 1699 filiorum
418 1652 618 1715 strage,
643 1647 1018 1714 ignominiosa
1036 1647 1327 1700 consulum
1353 1647 1709 1715 ejuratione.‘²

209 1835 233 1863 t
260 1830 372 1879 Ergo
393 1830 553 1880 Consul,
586 1835 678 1870 unte
697 1843 810 1882 quem
840 1835 1055 1883 portantur
1074 1833 1275 1872 duodecim
1297 1831 1446 1882 fasces,
1477 1845 1562 1884 quae
1593 1833 1713 1883 signu
1743 1835 1835 1872 sunt
1852 1830 1990 1871 summi

156 1882 328 1934 imperii,
345 1888 384 1923 et
404 1885 517 1924 decus
535 1884 721 1934 Senatum,
739 1888 806 1936 8512.
821 1898 864 1925 se
879 1886 1058 1925 submisit
1074 1887 1272 1937 punitioni
1289 1886 1366 1926 sibi
1382 1887 1582 1938 imperatae
1599 1899 1624 1926 a
1642 1887 1867 1927 Dictatore.

210 1934 232 1961 ⁶
258 1936 525 1988 Ignominiosa
541 1938 782 1991 depositione
803 1939 1026 1978 Consulum.

928 2058 1226 2074 eoem&

157 2144 266 2182 vett.
293 2153 432 2182 cume.
451 2154 486 2182 e.
504 2142 622 2183 iidem
641 2142 796 2183 hostes
787 2155 827 2182 ιη
847 2142 955 2183 aliis.
959 2147 1066 2183 —27
1096 2144 1168 2184 Ita
1200 2143 1382 2195 Pighius
1415 2156 1469 2184 ex
1501 2144 1644 2184 Pulm.
1677 2147 1722 2183 et
1754 2142 1915 2184 Cauch.
1948 2147 1993 2181 et

157 2195 220 2235 sic
240 2199 308 2235 est
327 2194 368 2234 in
391 2208 473 2236 uno
492 2195 655 2236 Brand.
684 2198 776 2236 laeta
804 2197 1026 2246 exhibent,
1068 2198 1158 2236 sive.
1191 2199 1270 2237 leta
1302 2199 1412 2236 alter
1444 2198 1608 2237 Brand.
1644 2209 1750 2237 unus
1782 2197 1851 2242 vel
1881 2196 1992 2235 alter

155 2248 333 2289 Torren.
352 2249 455 2289 Vet.
477 2250 597 2301 Mog.
616 2249 796 2290 Venett.
821 2249 1004 2303 Herbip.
1026 2257 1069 2290 et
1092 2251 1272 2291 Mediol.
1304 2253 1414 2301 loeta,
1446 2265 1521 2291 seu
1553 2253 1646 2299 loesu
1683 2251 1891 2290 omittunt
1920 2250 1993 2289 alii

156 2302 285 2342 codd.
305 2315 400 2346 cum
422 2301 553 2343 Aldd.
573 2308 618 2343 et
637 2304 782 2344 chale.
786 2307 894 2343 ——28
921 2305 993 2343 Sic
1013 2304 1142 2344 etiam
1163 2305 1344 2356 Pighius
1375 2317 1429 2344 ex
1449 2306 1543 2345 Sus.
1576 2311 1622 2344 ut
1657 2311 1725 2343 est
1759 2303 1802 2342 in
1831 2304 1992 2343 Brand.
2023 2338 2025 2340 .

156 2357 196 2395 1.
212 2358 255 2396 2.
274 2361 320 2396 et
339 2356 481 2396 multis
495 2357 675 2396 Torren.
694 2358 766 2409 qui
800 2357 948 2396 delent
981 2359 1177 2409 copulam
1212 2364 1313 2398 ante
1343 2363 1610 2408 cognatorum.
1666 2359 1766 2397 Vet.
1797 2370 1873 2408 pro
1900 2361 1993 2396 nota

153 2408 263 2462 legit
281 2421 393 2450 nece:
421 2409 464 2450 in
486 2410 582 2451 aliis
603 2410 702 2450 edd.
724 2415 828 2451 vett.
845 2415 886 2451 ec
902 2417 1157 2462 cognatorum
1175 2417 1286 2465 nota,
1312 2416 1354 2452 et
1373 2412 1554 2461 fratrum
1567 2412 1838 2466 filiorumque.
1885 2411 1992 2451 Mox

984 2507 1160 2547 NOTAE

149 2571 311 2626 ‘contra
353 2585 535 2627 Sabinos
590 2587 794 2639 Nautius,
836 2587 1040 2628 adversus

158 2647 318 2700 AEquos
335 2649 552 2689 Minucius
569 2651 732 2700 movit3
762 2651 851 2702 qui,
874 2651 973 2690 dum
995 2651 1039 2690 in

157 2710 313 2751 castris
331 2724 379 2752 se
397 2713 579 2765 pavidus
606 2719 744 2765 tenet,
771 2715 831 2756 ita
845 2716 900 2755 ab
914 2717 1040 2756 hoste

1161 2586 1176 2615 f
1208 2589 1259 2630 L.
1296 2587 1540 2640 Minucium]
1597 2584 1882 2639 Augurinum,
1921 2585 1993 2637 qui

1108 2652 1327 2704 aliquanto
1365 2660 1464 2705 post
1513 2650 1760 2691 Praefectus
1812 2660 1992 2688 anuonae

1107 2712 1274 2756 nefaria
1291 2717 1367 2767 Sp.
1387 2716 1511 2755 Melii
1527 2713 1709 2754 consilia
1726 2711 1911 2763 aperuit.

154 2773 356 2816 obsessus
373 2781 456 2827 est,
477 2782 526 2818 ut
545 2789 627 2818 nec
655 2779 821 2830 egredi,
855 2792 936 2820 nec
952 2780 1040 2819 vic-

156 2841 251 2878 tum
265 2839 452 2879 tolerare
462 2839 638 2880 liceret:
669 2841 782 2893 quod
800 2847 845 2882 ut
863 2843 1042 2882 Romam

157 2900 354 2952 allatum,
373 2900 576 2945 Quintius
606 2902 887 2944 Cincinnatus
916 2905 1041 2956 operi

158 2965 324 3016 agresti
357 2965 552 3006 intentus
589 2967 644 3006 ab
678 2969 819 3008 altero
858 2969 1040 3008 Consule

158 3026 365 3067 Dictator
393 3028 580 3068 dicitur:
608 3031 813 3070 continuo
832 3031 876 3070 in
895 3031 1041 3072 hostes

158 3089 398 3141 profectus,
417 3103 492 3132 eos
506 3097 606 3144 post
633 3104 732 3133 acre
759 3099 978 3134 certamen
998 3094 1041 3133 in

153 3157 308 3194 castra
326 3156 471 3206 pulsos
499 3156 553 3196 ad
572 3155 836 3197 deditionem
866 3170 1040 3208 compu-

159 3218 228 3271 lu,
249 3226 511 3273 peractoque
528 3221 743 3272 triumpho
763 3221 833 3261 die
851 3225 916 3262 16.
939 3223 1042 3262 Dic·

159 3285 349 3323 taturam
370 3284 588 3335 deposuit.

215 3343 498 3398 ‘subjugum
529 3347 676 3399 missis]
721 3347 877 3388 Tribus
908 3348 1041 3389 hastis

156 3406 310 3459 jugum
329 3408 395 3460 fit,
411 3411 526 3458 humi
558 3410 655 3451 fixis
685 3411 868 3461 duabus,
897 3424 1042 3463 super-

1162 2785 1182 2812 8
1203 2781 1455 2819 Consulatum
1471 2775 1682 2829 deponere]
1711 2775 1993 2815 Consularem

1110 2842 1348 2883 exercitum
1385 2844 1612 2894 ipsumque
1660 2839 1890 2882 Consulem
1929 2839 1993 2878 in-

1109 2917 1307 2957 crepans,
1347 2907 1358 2928 ‘
1377 2903 1584 2957 Carebis,'
1615 2903 1772 2956 inquit,
1798 2907 1810 2924 ‘
1830 2902 1991 2954 praedae

1110 2975 1251 3019 parte,
1283 2970 1421 3016 miles,
1449 2981 1503 3009 ex
1533 2981 1585 3008 eo
1602 2968 1743 3018 hoste,
1768 2966 1838 3005 cui
1855 2977 1991 3017 prope

1110 3033 1255 3082 praeda
1270 3031 1418 3082 fuisti;
1438 3039 1483 3072 et
1499 3038 1562 3083 tu,
1583 3033 1630 3071 L.
1653 3030 1834 3079 Minuci,
1855 3029 1992 3067 donec

1112 3096 1384 3136 Consularem
1405 3096 1590 3136 animum
1618 3094 1798 3144 incipias
1819 3091 1993 3141 habere,

1109 3158 1279 3209 legatus
1297 3160 1360 3198 his
1394 3154 1870 3210 legionibusfflpraeeris!
1924 3153 1994 3193 Ita

1110 3233 1158 3260 se
1183 3222 1402 3261 Minucius
1429 3221 1603 3260 abdicat
1629 3218 1876 3267 Consulatu,
1897 3216 1993 3268 jus-

1111 3295 1268 3336 susque
1303 3284 1357 3324 ad
1397 3284 1637 3322 exercitum
1665 3285 1825 3320 manet.
1880 3280 1991 3319 Haec

1110 3346 1258 3386 Livius
1276 3348 1350 3386 lib.
1372 3359 1442 3386 111.
1917 3396 1920 3399 .

1163 3416 1182 3455 'r
1203 3409 1286 3450 An.
1307 3411 1371 3449 M.
1389 3406 1511 3448 3597.
1554 3408 1626 3448 01.
1646 3411 1712 3448 80.
1732 3410 1772 3446 4.
1814 3405 1989 3450 Πτὺ.,(3.

163 3480 246 3520 que
261 3481 336 3510 eas
355 3477 600 3513 transversa
618 3486 705 3515 una
717 3474 939 3527 deligata3
967 3474 1044 3514 sub
1113 3477 1206 3514 296.
1236 3474 1341 3514 Ant.
1361 3473 1438 3514 Ch.
1459 3476 1551 3513 456.

162 3531 245 3573 hoc
258 3534 367 3585 jugo
385 3535 590 3576 Dictator
605 3538 761 3589 AEquos
780 3538 910 3579 misit.

274 3603 418 3654 Delph.
434 3607 474 3644 et
500 3603 594 3645 Var.
614 3604 722 3645 Clas.

960 3605 1048 3645 Val.
1070 3605 1187 3644 Max.
1850 3601 1892 3638 Τ
