2346 3952
690 332 839 370 vrrA
881 329 1146 368 vAnEmi
1187 326 1452 367 MAX1M1.
1915 313 1986 367 17

146 457 246 508 aut
271 453 322 506 si
345 452 565 506 Probus
590 455 783 506 auctor
806 450 935 503 libri
962 450 1115 502 illius
1144 448 1266 511 fuit,
1283 445 1546 516 Epitome
1567 443 1676 496 erit
1694 460 1730 497 a
1753 443 1989 512 Paride3

148 538 298 607 quod
325 537 546 590 odorari
570 537 705 589 licet
745 552 819 588 ex
846 535 1189 587 Praefatione
1212 533 1331 596 illa,
1372 547 1499 600 quae
1537 534 1623 582 est
1658 530 1717 582 in
1741 530 1991 584 libellum

152 624 223 677 de
249 623 699 692 pronominibus:
740 637 810 672 ea
832 619 1160 689 hujusmodi
1184 623 1300 671 est:
1362 621 1378 644 ‘
1408 616 1677 670 Decimus
1719 620 1884 685 atque
1909 617 1990 669 ul-

151 709 325 760 timus
348 708 513 777 hujus
531 707 716 775 operis
739 705 904 770 liber,
931 722 1032 758 seu
1057 704 1434 756 studiosorum
1456 703 1668 767 inertia,
1698 719 1799 755 seu
1819 705 1994 772 scrip-

150 797 330 846 torum
355 792 608 861 segnitia,
645 807 744 843 scu
770 790 880 843 alio
921 792 1124 859 quovis
1151 806 1288 843 casu
1317 790 1477 842 aetati
1501 795 1707 843 nostrae
1741 789 1994 858 perditus

155 883 261 931 est.
332 876 539 929 Verum
564 875 751 927 Julius
771 875 956 939 PariS‚
996 876 1352 928 abbreviator
1376 873 1613 939 Valerii,
1636 882 1774 944 post
1793 892 1997 928 novem

153 960 327 1014 libros
350 961 671 1030 explicit08‚
710 961 858 1013 hunc
895 961 1175 1014 decimum
1201 961 1306 1013 sub
1332 959 1475 1012 infra
1499 961 1707 1030 scripto
1734 977 1996 1030 compen-

163 1044 258 1097 dio
282 1044 612 1114 complexus
635 1048 716 1097 est
738 1061 750 1097 :
789 1061 890 1113 per
917 1045 1073 1114 quod
1111 1045 1180 1097 de
1216 1045 1534 1097 nominibus
1559 1045 1735 1099 fuisse
1763 1047 1999 1099 eundem

157 1128 444 1182 aValerio
489 1130 882 1198 compositum,
926 1129 1239 1199 conjectare
1281 1128 1452 1182 licet?
1528 1130 1641 1182 Sed
1678 1130 1805 1194 hoc,
1845 1132 1998 1199 quod

156 1213 325 1279 affert,
368 1218 744 1283 argumentum
769 1214 984 1268 Valerii
1010 1222 1100 1268 est
1122 1215 1415 1267 infirmum.
1492 1215 1689 1268 Potuit
1713 1217 1855 1268 enim
1886 1216 1998 1270 Pa-

157 1300 237 1353 ris
261 1300 462 1353 librum
499 1300 567 1352 de
591 1300 916 1353 nominibus
942 1300 1292 1369 subjungere,
1320 1316 1436 1352 non
1459 1306 1522 1352 ut
1548 1299 1832 1354 Valeriani
1875 1304 2002 1357 libri

160 1386 328 1438 unius
354 1386 764 1454 compendium,
802 1387 902 1439 sed
926 1391 988 1439 ut
1019 1386 1264 1439 omnium
1289 1385 1508 1439 Valerii
1533 1385 1793 1439 librorum
1820 1387 2001 1441 facem

159 1486 228 1522 ac
267 1472 742 1525 commentarium.
819 1471 1011 1536 Quare
1056 1473 1139 1524 sic
1181 1474 1424 1524 statuere
1467 1471 1676 1532 malim,
1715 1471 2003 1526 Valerium

161 1555 348 1623 ipsum
390 1557 771 1609 memorabilia
814 1558 1145 1627 scripsisse:
1197 1557 1395 1610 horum
1422 1557 1718 1626 Epitomen
1755 1557 2004 1610 edidisse

165 1637 461 1694 Paridem:
500 1641 733 1694 eundem
778 1642 1077 1710 reliquisse
1117 1642 1318 1695 librum
1358 1642 1428 1693 de
1454 1642 1801 1695 nominibus:
1839 1643 2004 1712 hujus

162 1724 291 1777 libri
333 1727 729 1795 compendium
773 1727 977 1780 fecisse
1003 1727 1267 1783 Probum.
1344 1726 1517 1791 Quod
1560 1728 1729 1779 etiam
1777 1734 2009 1795 arguunt

163 1810 291 1874 ista,
317 1827 444 1879 quae
471 1811 682 1863 ibidem
707 1813 974 1865 continuo
1002 1817 1326 1880 sequuntur.
1400 1810 1593 1864 Verba
1617 1813 1846 1881 quidem
1860 1814 1898 1866 J
1903 1814 2006 1866 ulii

165 1895 384 1948 Paridis
427 1891 548 1949 haec
590 1903 749 1949 sunt:
805 1901 820 1923 ‘
847 1897 1017 1950 Liber
1066 1897 1318 1950 decimus
1358 1897 1427 1950 de
1464 1899 1901 1966 praenominibus
1948 1908 2006 1954 et

165 1979 441 2033 similibus
458 1980 488 2034 :'
537 1980 798 2050 Sequitur
845 1982 1080 2035 deinde:
1120 1987 1136 2010 ‘
1164 1982 1387 2035 Decimi
1431 1983 1597 2052 hujus
1637 1987 1827 2052 operis
1877 1987 2008 2039 libri

165 2083 266 2136 per
291 2064 356 2119 C.
372 2066 586 2118 Titium
620 2066 867 2119 Probum
894 2066 1188 2135 Epitome.'
1263 2068 1439 2120 Porro
1480 2069 1643 2133 hunc,
1685 2086 1796 2122 non
1833 2071 2005 2124 alium

165 2150 416 2205 libellum
456 2151 734 2204 intellexit
774 2150 1033 2204 Alciatus
1071 2153 1168 2204 lib.
1198 2153 1768 2221 1v.dispunctionum
1808 2172 1934 2224 cap.
1952 2158 2003 2209 1.

171 2253 296 2289 cum
320 2235 526 2289 habere
543 2252 604 2288 se
630 2237 964 2306 opusculum
992 2238 1070 2292 ait
1088 2238 1303 2291 Valerii
1330 2239 1574 2292 Maximi
1596 2240 1663 2292 de
1686 2242 2005 2295 nominibus

171 2318 576 2374 Romanorum.

285 3626 432 3680 Delph.
444 3632 483 3667 et
502 3628 600 3670 Var.
617 3630 723 3668 Clae.
979 3631 1066 3671 Vaz.
1082 3633 1198 3670 Max.
1858 3634 1894 3670 Β
