2294 3990
971 306 1243 346 Mlhl'rlA.

190 434 286 471 tur:
330 427 482 482 quibus
522 440 547 468 a
584 427 635 469 L.
674 425 792 477 Sylla
828 437 940 465 anno
977 428 1073 465 671.

190 494 379 547 quinque
417 491 582 541 additi;
621 490 736 530 unde
779 490 792 512 ⁴
814 488 1076 542 quindecim·

190 558 304 596 viros
323 555 455 596 sacris
475 554 691 595 faciundis
708 553 719 571 '
742 552 854 606 apud
875 558 1075 592 auctores

191 620 350 673 passim
396 621 544 672 legere
582 624 659 660 est.
716 630 763 658 v.
807 615 878 656 Ad
906 616 1077 656 illorum

190 695 342 724 munus
358 683 568 736 pertinuit
585 681 717 722 libros
735 680 969 734 Sibyllinos
984 693 1078 721 cus-

157 789 164 796 ,
191 746 352 798 todire,
386 759 546 800 eosque
583 759 638 787 ex
672 745 1080 795 Senatusconsulto,

194 812 233 852 si
267 812 470 860 tumultu,
505 810 542 851 si
574 809 704 862 fame,
733 810 768 850 si
801 813 925 861 peste
959 807 1077 849 Urbs

191 875 428 927 laboraret,
462 875 498 915 si
527 875 678 927 ingens
705 877 889 925 accepta
917 873 1080 925 clades,

192 945 270 980 aut
283 939 386 993 quid
406 939 505 979 mali
523 938 714 991 Imperio
730 935 1080 989 portenderetur,

193 1006 447 1046 consulere:
470 1008 560 1045 tum
576 1016 672 1057 quae
688 1002 895 1054 legissent
914 1000 1080 1042 referre

192 1068 403 1118 Senatui3
441 1068 566 1108 ludos
603 1067 851 1118 saeculares,
888 1066 1082 1106 caerimo·

193 1133 303 1184 nias,
348 1131 705 1185 supplicationes,
749 1130 978 1182 sacrificia,
1035 1134 1082 1170 et

195 1196 283 1237 alia
315 1195 362 1236 id
397 1207 551 1248 genus,
599 1209 694 1250 quae
740 1196 841 1236 libri
882 1194 1082 1247 Sibyllini

194 1260 546 1314 praescriberent,
579 1273 828 1314 procurare.
884 1272 950 1301 v1.
983 1261 1082 1302 Quo

195 1336 300 1365 casu
317 1324 415 1366 libri
433 1325 630 1377 Sibyllini
645 1325 853 1378 perierint
870 1323 1082 1365 affirmare

196 1399 283 1428 non
304 1388 463 1439 ausim3
497 1388 604 1442 quid
634 1389 744 1429 certi
775 1389 829 1428 ab
851 1388 1082 1429 Historicis

196 1451 415 1492 memoriae
452 1452 671 1505 proditum
713 1452 786 1504 sit,
832 1451 1081 1504 proferam:

198 1521 324 1557 tuum
348 1521 457 1568 esto,
479 1518 657 1568 Lector,
667 1516 899 1569 judicium.
958 1515 1083 1557 Anno

196 1579 328 1621 Urbis
346 1584 441 1622 670.
461 1582 511 1622 L.
530 1581 732 1633 Scipione
747 1586 792 1622 et
809 1581 859 1622 C.
878 1580 1084 1622 Norbano

199 1644 324 1686 Coss.
354 1657 452 1685 cum
487 1645 766 1698 Capitolium,
805 1645 898 1686 sive
920 1645 1086 1697 oblato,

197 1707 290 1749 sive
325 1706 508 1750 fortuito
547 1710 748 1750 incendio
786 1708 1085 1763 deflagrasset‚

198 1783 287 1812 nna
304 1784 402 1812 cum
429 1773 525 1813 aliis
557 1774 746 1814 donariis
777 1774 854 1815 hos
875 1774 1005 1815 etiam
1033 1775 1083 1814 li-

199 1834 300 1875 bros
317 1833 500 1876 fiammis
519 1837 739 1878 absumtos
771 1836 958 1878 affirmat
978 1838 1084 1879 Dio-

199 1899 363 1953 nysius,
383 1900 456 1941 alii
478 1895 565 1942 non
583 1903 887 1944 meminerunt.
944 1903 1087 1944 Resti-

199 1969 295 2005 tuto
323 1965 437 2005 haud
467 1965 604 2007 multo
631 1972 730 2019 post
755 1980 780 2007 a
801 1968 848 2009 L.
868 1967 989 2019 Sylla
1007 1968 1088 2008 Ca-

201 2027 368 2079 pitolio,
397 2028 462 2068 bis
494 2029 540 2069 in
577 2031 696 2070 varia
727 2031 824 2071 loca
852 2031 1089 2071 missisunt

203 2091 277 2144 qui
304 2092 497 2132 carmina
515 2093 726 2145 Sibyllina
750 2095 938 2147 undique
970 2096 1090 2135 colli-

202 2159 358 2206 gerent
377 2169 390 2196 :
437 2156 623 2207 primum
660 2169 772 2198 anno
810 2162 906 2199 677.
981 2159 1089 2210 Ery-

203 2219 322 2260 thras
339 2230 395 2260 ex
411 2219 815 2274 senatusconsulto,
843 2222 978 2264 Cneio
1000 2222 1088 2264 Oc-

1954 294 2024 348 91

1143 425 1259 466 tavio
1297 429 1343 465 et
1371 424 1421 465 C.
1465 423 1650 464 Curione
1689 424 1960 475 Consulibus,
1977 427 2031 467 P.

1145 488 1374 540 Gabinius,
1406 488 1471 528 M.
1502 487 1735 540 Otacilius,
1764 497 1810 528 et
1832 489 1881 528 L.
1900 490 2030 529 Vale-

1145 553 1251 603 rius,
1267 553 1356 606 qui,
1376 556 1426 593 ut
1444 559 1596 593 auctor
1624 558 1693 592 est
1709 552 1823 604 apud
1845 553 2033 593 Lactan-

1146 618 1251 657 tium
1271 618 1535 670 Fenestella,
1551 616 1794 668 descriptos
1813 629 1837 656 a
1851 615 2034 669 privatis

1148 692 1297 722 versus
1315 682 1492 722 circiter
1511 681 1628 721 mille
1661 680 1844 720 Romam
1876 680 2036 719 retule-

1149 752 1247 787 runt
1264 760 1275 787 ι
1303 746 1460 786 deinde
1480 746 1534 786 ab
1552 745 1751 798 Augusto
1768 745 1913 797 Ilium,
1926 745 2037 797 Ery-

1149 811 1281 863 thras,
1298 811 1485 864 Samum,
1510 816 1556 851 et
1584 811 1629 851 in
1647 809 1859 859 Africam,
1891 814 1936 849 et
1955 821 2035 861 per

1147 875 1339 916 colonias
1377 875 1538 927 Italiae,
1573 881 1625 915 ut
1660 874 1798 916 tradit
1832 874 2038 914 Tacitus:

1148 951 1246 980 cum
1275 939 1389 979 enim
1418 940 1636 991 permulta
1665 935 1930 992 Sibyllarum
1961 950 2036 978 no-

1148 1003 1263 1044 mine
1283 1002 1521 1056 ferrentur,
1552 1004 1758 1057 quicquid
1778 1009 1873 1044 erat
1892 1001 2038 1042 fatidi-

1150 1080 1298 1108 corum
1358 1067 1567 1108 librorum
1613 1067 1761 1109 Graeci
1808 1066 2039 1119 Latinique

1150 1132 1324 1184 generis
1361 1145 1493 1185 supra
1526 1131 1610 1171 duo
1643 1131 1778 1170 millia
1811 1135 2042 1170 contracta

1150 1195 1339 1250 undique
1361 1196 1560 1249 cremari,
1584 1208 1635 1236 ac
1651 1196 1765 1236 solos
1786 1194 2043 1247 Sibyllinos,

1149 1259 1311 1313 hosque
1346 1260 1521 1301 delectu
1553 1272 1632 1312 per
1666 1258 2042 1303 Quindecimviros

1151 1323 1313 1376 habito,
1334 1329 1446 1364 teste
1476 1324 1700 1375 Suetonio,
1734 1322 1901 1363 duobus
1926 1321 2042 1363 foru-

1150 1387 1205 1428 lis
1226 1389 1392 1428 auratis
1413 1388 1490 1428 sub
1511 1388 1702 1428 Palatini
1716 1386 1934 1440 Apollinis
1949 1387 2044 1427 basi

1149 1451 1314 1491 servari
1334 1451 1470 1492 voluit
1491 1465 1503 1501 ;
1543 1458 1630 1491 tum
1650 1451 1756 1491 alios
1777 1463 1801 1490 e
1823 1450 2044 1502 Capitolio

1148 1514 1192 1554 in
1221 1514 1336 1555 idem
1365 1515 1577 1568 templum
1603 1526 1629 1554 a
1655 1513 1940 1555 Pontificibus
1971 1514 2044 1554 de-

1149 1579 1352 1631 scriptos,
1400 1580 1500 1631 quia
1538 1584 1783 1619 caracteres
1826 1578 2048 1618 exolesce-

1151 1643 1273 1695 bant,
1310 1642 1496 1694 deferri3
1537 1655 1720 1696 cumque
1759 1643 1897 1682 multo
1946 1647 2047 1694 post

1154 1707 1233 1747 sub
1281 1706 1518 1747 Aureliano
1572 1707 1782 1758 templum
1828 1704 2046 1758 Apollinis

1154 1771 1343 1824 arsisset,
1365 1785 1390 1812 a
1409 1770 1590 1811 flammis
1609 1771 1736 1811 illaesi
1762 1770 1896 1810 ablati
1927 1774 2046 1822 sunt,

1154 1842 1203 1879 ut
1222 1836 1417 1878 referunt
1435 1838 1607 1877 Flavius
1628 1837 1844 1889 Vopiscus
1877 1841 1924 1877 et
1942 1835 2044 1876 Am-

1153 1902 1319 1942 mianus
1357 1901 1667 1943 Marcellinus:
1705 1913 1817 1941 anno
1868 1901 2045 1942 tandem

1156 1968 1320 2008 Christi
1356 1971 1451 2008 389.
1483 1980 1580 2008 cum
1599 1966 1868 2006 Theodosius
1902 1966 2048 2006 senior

1156 2031 1300 2071 omnia
1323 2031 1518 2072 Deorum
1536 2031 1652 2070 idola
1672 2030 1811 2070 everti
1824 2029 2048 2082 jussisset,

1158 2095 1357 2145 Stilicon,
1374 2094 1446 2147 qui
1466 2100 1556 2133 tum
1576 2093 1716 2134 Italiae
1735 2098 1941 2146 praeerat,
1955 2105 2047 2133 car-

1158 2159 1275 2198 mina
1294 2158 1504 2211 Sibyllina
1526 2157 1777 2199 combussit.

487 2552 616 2615 DE
684 2553 1040 2616 MILITIA
1111 2555 1759 2618 ROMANORUM.

206 2694 343 2763 Qum
369 2713 425 2754 ad
452 2716 739 2758 Romanorum
768 2717 967 2759 militiam
996 2730 1093 2771 per-

207 2777 362 2829 tinent,
381 2779 436 2820 ad
455 2787 642 2833 quatuor
659 2783 926 2835 potissimum
947 2784 1094 2835 capita

204 2841 430 2884 brevitatis
448 2857 580 2886 causa
606 2859 883 2887 revocamus:
915 2861 1091 2900 agemus

207 2906 322 2946 enim
352 2907 489 2959 primo
509 2909 564 2949 de
584 2910 769 2951 militum
790 2911 984 2964 delectu,
1003 2917 1094 2952 tum

206 2969 263 3009 de
284 2972 498 3025 exercitu,
528 2974 708 3028 ejusque
737 2975 960 3027 partibus;
995 2982 1095 3028 post

207 3031 264 3072 de
286 3034 415 3075 variis
445 3036 603 3077 ducum
636 3039 909 3093 militumque
937 3041 1095 3081 ordini-

208 3095 314 3138 bus:
354 3105 571 3150 postremo
600 3102 787 3156 denique
821 3105 877 3144 de
912 3105 1094 3145 militum

1159 2721 1303 2772 armis,
1338 2720 1484 2773 signis,
1517 2719 1753 2773 stipendio,
1785 2719 1975 2772 praemiis
2005 2723 2052 2759 et

1160 2786 1316 2837 poenis.
1372 2786 1419 2826 Si
1439 2785 1533 2838 quis
1555 2787 1679 2838 plura
1709 2784 1918 2838 requirat,
1937 2797 1961 2823 e
1980 2796 2050 2824 ve-

1160 2849 1327 2890 teribus
1350 2849 1597 2902 Polybium,
1616 2847 1888 2899 Frontinum,
1909 2852 1955 2887 et
1969 2848 2054 2886 Ve-

1162 2914 1361 2964 getium3
1407 2927 1431 2954 e
1478 2912 1807 2964 recentioribus,
1841 2911 2050 2963 Lipsium,

1160 2978 1396 3030 Sigonium,
1454 2977 1679 3029 Rosinum,
1720 2982 1766 3017 et
1813 2977 2046 3027 Dempste-

1161 3053 1254 3081 rum
1276 3042 1488 3081 consulat.

653 3245 762 3299 DE
799 3248 1172 3306 PEDITUM
1213 3212 1601 3305 DELECTU.

263 3369 355 3412 Qui
374 3370 566 3422 Milites;
594 3384 680 3426 qua
699 3378 848 3422 aetate,
868 3388 1008 3429 quave
1028 3389 1097 3417 ra-

214 3431 346 3484 tione,
361 3439 407 3474 et
420 3435 683 3489 legerentur,
694 3441 740 3477 et
757 3437 1099 3491 dimitterentur,

214 3495 362 3547 paucis
391 3499 556 3550 accipe.
612 3499 698 3539 Ubi
726 3500 903 3541 Servius
929 3502 1096 3543 Tullius

214 3561 418 3613 populum
448 3574 613 3604 omnem
654 3564 805 3606 tribuit
834 3566 876 3605 in
908 3567 1094 3608 classes:

1166 3389 1264 3418 cum
1282 3377 1434 3428 multa,
1465 3381 1555 3416 tum
1585 3375 1680 3414 haec
1710 3372 1794 3414 duo
1826 3373 1938 3414 illius
1957 3375 2052 3428 lege

1166 3440 1428 3492 praescripta
1457 3443 1579 3487 sunt;
1612 3449 1757 3489 unum,
1777 3442 1828 3478 ut
1847 3438 1968 3490 plebs
1988 3439 2052 3478 in-

1165 3503 1282 3554 fima,
1299 3503 1419 3554 cnjus
1439 3513 1593 3541 census
1622 3500 1820 3540 undecim
1843 3500 1938 3540 aeris
1957 3502 2050 3540 mil-

1166 3567 1274 3609 libus
1296 3567 1432 3607 minor
1454 3571 1563 3613 erat,
1594 3565 1754 3605 Militia
1774 3569 1889 3606 esset
1906 3565 2054 3606 immu-
