2352 4022
714 312 848 350 car.
877 310 941 349 ιι.
984 311 1063 348 nu
1105 306 1555 348 FOR'HTUDINE.
1936 293 2044 347 357

221 432 465 488 dionalis
515 447 654 484 una:
706 436 930 500 torques
981 435 1327 483 cnxxxm.¹
1391 425 1622 480 armillae
1673 438 1818 477 cnx.
1868 425 2044 479 hastae

225 530 409 572 xvni.
440 517 682 585 phalerae
699 523 720 545 ⁸
742 530 902 570 xxv.
931 518 1253 568 ornamenta
1274 514 1439 567 etiam
1463 511 1692 581 legioni,
1720 508 1921 563 nedum
1944 510 2044 563 mi,-

221 602 306 659 liti
331 602 470 655 satis
495 599 724 653 multas
733 600 757 625 *

975 751 1228 792 EX'I'ERN
1240 755 1296 793 A.

216 910 218 912 .
294 868 345 921 l.
382 866 487 919 Ille
512 882 737 934 quoque
778 882 852 918 ex
890 866 1147 934 pluribus
1189 866 1516 934 corporibus
1552 866 1612 918 in
1652 881 1823 921 unum
1847 879 2050 931 magna

219 968 348 1005 cum
372 951 735 1004 admiratione
760 949 990 1004 Calibus
1006 949 1027 980 ¹²
1051 967 1216 1005 cruor
1240 951 1507 1004 confusus
1534 955 1620 1003 est
1639 968 1652 1004 ε
1668 959 1690 990 ³
1725 950 1782 1002 in
1809 965 1920 1018 quo
1946 965 2048 1016 op-

222 1037 359 1105 pido
386 1053 515 1088 eum
542 1036 771 1088 Fulvius
799 1035 1074 1089 Flaccuse
1113 1035 1460 1105 Campanam
1484 1036 1794 1105 perfidiam,
1839 1034 2050 1103 princi-

223 1137 323 1190 pes
347 1121 592 1174 civitatis
631 1125 758 1173 ante
792 1122 1034 1175 tribunal
1061 1139 1225 1176 suum
1251 1122 1486 1190 capitali
1524 1118 1843 1191 suppliciod
1878 1118 2050 1172 affici-

269 1295 295 1330 s
318 1296 418 1342 Quoe
435 1300 664 1337 mames-ta
691 1308 768 1336 non
799 1297 869 1336 uni
902 1297 1021 1337 militi
1046 1297 1184 1348 solum,
1211 1300 1283 1338 sed
1301 1299 1445 1350 legioni
1464 1298 1586 1339 etiam
1604 1298 1772 1349 integra·
1801 1296 1903 1338 eatis
1930 1293 2054 1335 mua

209 1349 400 1443 Ῑαίἕῆῖἷε
425 1405 544 1443 etiam
559 1404 724 1454 sanguis
739 1404 781 1443 in
799 1404 952 1456 oppido,
973 1406 1072 1457 quod
1094 1405 1208 1444 Cales
1224 1405 1388 1458 dicitur,
1407 1407 1540 1459 fluens
1569 1419 1622 1447 ex
1650 1404 1873 1458 corporibus
1901 1401 2052 1450 mariti,

219 1458 371 1509 uxoria,
387 1461 426 1498 et
443 1458 679 1499 liberorum·
665 1471 709 1499 m
724 1470 843 1498 unum
857 1459 1047 1511 confluxit
1066 1471 1152 1498 oum
1178 1471 1323 1510 magna
1339 1436 1599 1512 spectantium
1615 1461 1889 1502 admiratione.

985 1578 1059 1592 tu

1263 1578 1289 1592 δ

219 1660 346 1700 bene.
401 1658 490 1698 Pro
519 1659 654 1699 eivicoe
690 1661 792 1702 Vet.
827 1662 958 1702 habet
986 1663 1145 1714 turrice,
1180 1668 1225 1701 et
1243 1663 1528 1715 quinquaginta
1560 1675 1639 1716 pro
1668 1663 1841 1703 unm—1
1875 1659 2051 1699 Colerus

221 1724 347 1775 legit,
362 1726 520 1773 torques
534 1723 804 1763 LXXXIII.
827 1724 950 1766 Harl.
980 1725 1130 1774 habet,
1154 1727 1316 1767 CLIII.
1336 1728 1480 1768 Bitur.
1499 1733 1544 1767 et
1573 1725 1708 1767 Barb·
1728 1729 1765 1765 1.
1795 1723 2051 1765 CLXXIII.

211 1788 344 1828 Leid.
365 1791 402 1826 1.
427 1789 650 1827 CLXXX
682 1787 833 1827 Leidd.
868 1791 908 1828 2.
943 1794 987 1828 et
1020 1794 1059 1829 5.
1097 1793 1398 1833 CLXXXIII.
1424 1790 1575 1832 Leidd.
1594 1793 1632 1830 3.
1651 1794 1692 1831 7.
1716 1789 2053 1831 CLXXXIIII.

222 1851 377 1903 Copes.
399 1853 720 1893 CLXXXXII.
739 1852 895 1903 Uitraj.
919 1856 955 1891 1.
973 1858 1128 1894 centum
1145 1855 1314 1905 triginta
1334 1859 1440 1903 tre83
1468 1853 1625 1903 Uitraj.
1639 1856 1680 1892 2.
1701 1858 1748 1894 et
1761 1854 1882 1906 Μο3.
1897 1857 2052 1895 centum

215 1904 469 1957 oepwaginta
499 1910 612 1952 octo,·
637 1907 742 1946 alius
771 1906 975 1947 Perizon.
1003 1912 1155 1949 centum
1190 1911 1393 1960 octoginta
1421 1914 1515 1949 tres.
1571 1906 1740 1947 Deinde
1773 1920 1850 1960 pro
1881 1908 2053 1960 phaleroe

1049 2022 1224 2065 NOTAE

215 2117 323 2157 riam
340 2117 428 2156 suis
442 2117 697 2170 peperisset,
710 2116 954 2158 donabatur
968 2129 1100 2159 aurea
1166 2124 1262 2161 299.
1292 2120 1398 2163 Ant.
1420 2123 1499 2164 Ch.
1521 2125 1618 2165 453.

213 2193 406 2232 coruum
436 2181 508 2235 qui
529 2182 729 2223 subiisset
747 2182 910 2233 primus
930 2194 1098 2223 murum
1219 2181 1239 2210 ¹³
1260 2183 1439 2239 Calibus]
1459 2184 1682 2238 Oppidum
1699 2181 1783 2225 fuit
1801 2183 2048 2237 Campaniae

216 2243 430 2296 hostilem,
463 2245 640 2296 murali3
685 2245 757 2297 qui
797 2244 1018 2286 obsidione
1049 2245 1096 2285 li·
1158 2246 1291 2298 juxta
1314 2248 1521 2290 Falernos
1550 2253 1597 2291 et
1630 2246 1855 2291 Massicus,
1902 2245 2050 2287 Hodie

219 2307 430 2361 her-asset,
461 2314 538 2350 aut
565 2309 700 2359 cives,
728 2314 804 2349 aut
834 2309 991 2360 socios,
1025 2309 1098 2349 ob·

214 2371 431 2419 'sidionalh
468 2385 563 2426 quae
603 2373 824 2425 graminea
854 2371 973 2423 fuit3
1024 2373 1096 2425 qui

210 2435 338 2476 hoste
365 2447 478 2476 caeso
505 2436 644 2476 civem
678 2442 914 2488 servasset,
947 2436 1100 2488 civica,

212 2510 311 2552 quae
333 2498 513 2550 primum
534 2499 704 2550 ilignea,
723 2497 882 2540 deinde
901 2500 1100 2550 aesculea‚

215 2561 402 2615 denique
420 2575 622 2617 querum,
639 2574 692 2602 ex
715 2562 873 2602 Plinio.
928 2562 1014 2604 Qui
1031 2575 1100 2603 co·

217 2637 363 2667 ronam
398 2626 578 2667 civicam
616 2625 841 2674 retulerat,
875 2625 918 2666 id
951 2625 1100 2667 habuit

217 2700 306 2740 prae
338 2688 496 2728 ceteris
524 2687 770 2739 singulare3
799 2693 847 2726 ut
866 2692 912 2726 et
932 2687 1032 2739 ipsi,
1052 2694 1100 2728 et

216 2754 344 2806 patri,
361 2760 408 2794 et
440 2766 521 2793 avo
556 2753 724 2793 vacatio
759 2764 981 2792 munerum
1010 2764 1098 2792 om-

212 2819 346 2867 nium,
366 2819 568 2872 locusque
602 2816 657 2856 ad
682 2815 802 2856 ludos
836 2814 1098 2866 spectandos

212 2882 392 2923 daretur
411 2880 590 2922 Senatui
611 2880 847 2934 proximus·

264 2950 287 2972 ⁸
305 2943 508 2996 Phalera]
538 2945 675 2984 Erant
688 2955 912 2995 equorum,
933 2943 1001 2982 vel
1020 2943 1096 2982 cir·

210 3021 264 3049 ca
283 3009 477 3048 maxillas
493 3011 757 3058 tegumenta,
772 3018 826 3046 ex
844 3006 1069 3048 Herodoto
1083 3020 1095 3056 ς

215 3072 284 3112 vel
304 3075 572 3119 ornamenta,
592 3081 666 3110 seu
680 3068 850 3119 frontis,
865 3081 918 3108 ex
933 3070 1097 3120 Servio,

212 3148 290 3177 seu
311 3134 516 3187 pectoris,
533 3133 646 3173 baud
680 3133 807 3172 aliter
837 3146 886 3173 ac
910 3133 1095 3172 mulieri-

214 3199 295 3239 bus
315 3198 504 3247 monilia,
517 3209 569 3236 ex
591 3196 747 3237 Plinio.
796 3197 888 3247 Ego
905 3208 1002 3236 cum
1022 3196 1097 3236 Al-

213 3261 270 3302 do
284 3261 479 3302 Manutio
497 3271 579 3300 non
597 3266 760 3300 temere
770 3259 968 3311 dixerim,
981 3260 1097 3313 quic-

211 3324 316 3377 quid
345 3335 548 3378 equorum
581 3322 728 3374 fronti,
760 3323 961 3375 maxillis,
996 3337 1095 3376 pec-

211 3387 295 3428 tori
313 3385 367 3428 ad
385 3393 678 3426 ornamentum
709 3385 958 3438 adderetur,
991 3387 1093 3439 pha·

212 3452 400 3491 lei-arum
419 3449 590 3490 nomine
610 3450 891 3501 appellatum.

266 3513 393 3554 *Am
414 3514 478 3554 M.
497 3516 619 3554 3600.
664 3513 739 3554 Ol.
760 3517 825 3555 81.
842 3517 881 3557 3.
912 3515 1017 3557 Urb.
1037 3516 1088 3557 C.

1168 2310 1300 2351 Calvi.

1219 2378 1238 2400 ⁰
1256 2374 1424 2414 Fulvius
1442 2373 1627 2426 Flaccus]
1656 2374 1709 2416 Q.
1731 2372 1907 2414 Fulvius
1927 2372 2051 2413 Flac·

1166 2447 1260 2489 cus,
1280 2438 1355 2489 qui
1386 2443 1475 2478 tum
1508 2450 1604 2478 cum
1639 2437 1725 2491 Ap.
1757 2436 1936 2478 Claudio
1951 2437 2051 2476 Pul-

1165 2501 1271 2541 chro
1289 2502 1527 2542 Proconsul
1557 2502 1748 2554 Capuam
1782 2502 1837 2542 ad
1868 2500 2051 2544 deditio-

1165 2577 1261 2605 nem
1282 2565 1563 2616 compulerat.

1218 2628 1240 2656 ὁ
1262 2629 1439 2681 Capituli
1456 2630 1666 2682 supplicio]
1695 2628 1814 2670 Urbe
1835 2633 1965 2680 capta
1979 2630 2049 2668 25.

1164 2695 1397 2735 Senatores
1430 2694 1572 2740 Cales,
1609 2695 1677 2733 32.
1746 2692 1966 2731 Theatrum
2003 2691 2046 2729 in

1165 2756 1408 2797 custodiam
1429 2757 1570 2795 missi:
1618 2755 1672 2795 de
1691 2755 1861 2795 illorum
1886 2753 2049 2806 suppli-

1143 2816 1235 2859 'cio
1256 2819 1460 2860 Claudius
1486 2818 1667 2858 mitioris
1695 2818 1761 2857 vir
1793 2817 1956 2871 ingenii
1980 2816 2045 2856 ad

1163 2882 1370 2923 Senatum
1394 2880 1655 2934 scripserat3
1694 2879 1807 2934 quod
1840 2880 1963 2920 simul
1999 2887 2047 2920 ut

1164 2945 1301 2985 audiit
1327 2944 1518 2995 Fulvius,
1550 2946 1648 2997 plus
1686 2957 1811 2998 aequo
1841 2943 2046 2992 severior,

1165 3009 1281 3050 illico
1306 3007 1362 3048 de
1393 3008 1534 3048 media
1565 3014 1693 3049 nocte
1726 3021 1822 3048 eum
1853 3009 2045 3060 equitum

1166 3071 1332 3112 duobus
1368 3071 1554 3112 millibus
1591 3073 1813 3112 Theanum
1847 3072 2046 3122 advolat;

1165 3134 1456 3186 continuoque
1490 3135 1728 3187 Campanos
1756 3135 1867 3175 caedi
1899 3136 2044 3187 virgis,

1165 3204 1211 3237 et
1231 3199 1369 3238 securi
1389 3198 1558 3249 percuti
1576 3189 1784 3248 imperat:
1816 3197 1916 3238 inde
1936 3198 2045 3239 cita-

1165 3263 1222 3302 tis
1243 3262 1366 3314 equis
1386 3261 1511 3300 Cales
1538 3260 1779 3311 percurrit3
1800 3260 1979 3314 jamque
1998 3261 2043 3302 in

1163 3324 1367 3366 tribunali
1387 3322 1660 3373 consederat,
1676 3333 1772 3363 cum
1792 3334 1896 3364 ecce
1913 3336 1939 3364 a
1967 3324 2042 3366 Se-

1160 3392 1264 3429 natu
1283 3383 1521 3426 afferuntur
1538 3384 1704 3425 literae:
1734 3390 1823 3425 tum
1845 3385 2044 3427 universa

1158 3448 1308 3490 concio
1316 3446 1500 3486 fremere
1515 3446 1765 3488 Senatorum
1781 3447 2041 3500 supplicium

1159 3513 1212 3555 ad
1231 3513 1436 3554 Senatum
1453 3508 1641 3560 deferri;
1676 3516 1722 3551 at
1742 3511 1917 3555 Fulvius
1933 3525 2039 3567 rem,
