2352 4022
499 316 731 356 0AP.11.
776 316 852 354 DE
897 308 1401 352 MAGISTRATUUM
1446 306 1728 346 OFFICllS.

1921 294 2029 347 ’249

204 437 424 499 tiaram,
463 435 716 503 Jocantes
750 431 946 486 obvios
984 429 1337 497 petiverunt:
1377 424 1542 494 cujus
1593 424 1887 476 hilaritatis
1913 441 2028 477 me·

203 520 382 573 moria
408 537 588 572 annuo
609 519 837 572 circuitu
864 511 1144 568 feriarumi
1184 512 1468 580 repetitur.
1531 506 1872 562 Trabeatosj
1900 525 2030 561 vero

204 606 423 673 equites
450 601 676 658 Idibusk
716 603 753 655 J
759 596 975 654 uliis4¹¹
1014 597 1088 663 Q.
1118 598 1379 650 Fabiusm
1416 595 1730 649 transvehi¹²
1766 594 2027 647 instituit.

971 732 1264 749 ‘Ommffim

203 808 328 850 codd.
357 809 479 850 cincti
510 809 668 856 obvios;
697 807 895 847 undecim
926 804 1051 845 codd.
1086 803 1207 843 cincti
1243 803 1370 843 ovinis
1382 815 1397 849 ,·
1427 801 1559 841 Barb.
1587 804 1627 840 2.
1661 806 1707 841 et
1738 797 1900 839 Medic.
1932 804 1971 840 5.
1990 804 2030 841 6.

202 864 321 903 cincei
339 865 455 903 ocios.
510 864 614 903 Mox
635 863 746 902 idem
768 861 946 911 Pighius
967 872 1022 899 ex
1053 852 1309 910 quibusdam
1338 856 1464 896 codd.
1499 855 1662 895 notavit
1680 854 1860 903 jocantes
1885 856 2030 904 gestie-

201 921 321 957 runt.-
362 917 512 968 Ultraj.
549 920 588 956 1.
620 917 868 956 metiverunt.
924 914 1014 953 Pro
1044 910 1261 951 hostiarum
1293 910 1484 949 nonnulli
1519 909 1850 949 bestiarum—41
1883 909 2032 960 Longe

204 971 340 1023 major
360 983 458 1022 pars
477 969 603 1011 codd.
635 982 730 1010 cum
757 968 856 1008 edd.
878 975 981 1007 ante
998 966 1197 1018 Pighium
1218 964 1392 1015 babent,
1413 963 1531 1003 Julii.
1587 963 1757 1002 Deinde
1786 962 1913 1002 Harl.
1944 975 2032 1003 cum

1028 1071 1207 1113 NOTAE

251 1157 261 1183 ¹
292 1155 518 1208 Feriarum]
546 1155 687 1196 Feriae
715 1167 740 1195 a
768 1153 974 1196 feriendis
993 1153 1079 1194 vic-

199 1220 313 1261 timis
332 1220 488 1270 dictoe3
518 1220 615 1260 aliae
636 1219 839 1272 publicae,
867 1218 962 1258 aliae
995 1216 1080 1268 pri·

201 1289 334 1323 vatae:
381 1282 649 1335 publicarum
688 1293 847 1334 genera
882 1287 1078 1333 quatuor.

201 1346 476 1395 1.·Stativae,
518 1347 642 1386 statis
689 1345 838 1385 diebus
880 1344 1080 1384 universo

200 1407 359 1463 populo
386 1421 641 1450 communes.
700 1421 750 1450 11.
783 1407 1079 1460 Conceptivae,

198 1486 312 1527 quae,
346 1474 412 1513 vel
444 1486 468 1513 a
499 1472 823 1522 Sacerdotibus,
852 1472 918 1511 vel
939 1483 963 1510 a
984 1471 1078 1510 Ma·

198 1537 450 1589 gistratibus
469 1537 511 1576 in
535 1543 678 1576 certos
710 1536 802 1576 dies
831 1534 1078 1586 concipiun-

197 1606 284 1651 tur,
311 1606 359 1640 ut
390 1600 554 1640 Latinae
584 1598 719 1640 feriae.
779 1611 850 1639 111.
881 1598 1074 1649 Impera·

198 1665 316 1714 tivae,
346 1677 452 1717 quas
476 1675 554 1716 pro
583 1663 779 1715 imperio,
806 1675 882 1702 seu
902 1662 1074 1708 Consul,

197 1739 272 1767 seu
295 1729 462 1768 Praetor
497 1726 757 1767 indicebant.
814 1737 880 1766 lv.
911 1725 1075 1765 Nundi-

198 1802 279 1837 nae,
308 1789 460 1842 quibus
480 1789 793 1829 conveniebant
814 1788 982 1839 rustici,
1009 1800 1074 1828 re-

200 1852 275 1892 bus
292 1854 378 1892 suis
399 1851 624 1904 provisuri.
681 1851 819 1890 Feriae
850 1863 954 1890 vero
991 1851 1074 1902 pri·

200 1924 326 1967 vatae,
365 1918 461 1957 aliae
497 1915 758 1956 familiarum
794 1915 997 1967 propriae,
1028 1921 1075 1955 ut

197 1981 432 2031 Corneliae;
460 1979 555 2020 aliae
578 1991 873 2031 personarum,
904 1985 949 2017 ut
983 1977 1076 2018 dies

196 2045 376 2085 natales.
449 2045 462 2066 ‘
504 2042 740 2094 Feriarum,
787 2041 1076 2094 festorumque

197 2107 309 2148 ratio
342 2106 388 2147 in
421 2105 569 2147 liberis
603 2105 839 2158 requietem
871 2103 1000 2144 habet
1029 2104 1076 2143 li-

195 2171 302 2211 tium
333 2176 380 2211 et
405 2169 676 2222 jurgiorum3
713 2169 755 2208 in
790 2167 942 2219 servis,
975 2180 1077 2220 ope-

196 2245 287 2274 rum
307 2239 354 2275 et
373 2231 595 2276 laborum)
642 2232 797 2273 Cicero
818 2231 869 2271 de
890 2231 1076 2284 Legibus

195 2296 269 2336 lib.
290 2307 342 2337 11.

243 2357 259 2392 -l
292 2357 520 2410 trabeatos]
549 2357 779 2398 Suetonius
817 2356 933 2409 apud
979 2357 1076 2397 Ser-

195 2423 310 2464 vium
343 2423 426 2464 tria
453 2423 696 2463 trabearum
729 2435 889 2475 genera
923 2422 1076 2463 distin·

195 2488 316 2540 guit3
341 2499 471 2528 unum
491 2498 515 2526 e
535 2487 626 2527 sola
645 2498 836 2540 purpura
856 2485 956 2526 Diis
976 2498 1076 2526 con-

194 2555 407 2591 secratum
424 2562 437 2600 ς
466 2550 646 2590 alterum
666 2562 689 2589 e
709 2561 898 2602 purpura
917 2553 962 2590 et
980 2562 1076 2591 coc·

195 2625 248 2653 co
267 2612 498 2665 augurale3
529 2612 705 2652 tertium
725 2625 748 2653 e
769 2624 959 2664 purpura
977 2613 1075 2654 albo

195 2675 544 2716 coloreintexta:
567 2687 665 2728 qua,
680 2687 777 2716 cum
796 2677 954 2729 Reges,
970 2683 1076 2729 tum,

193 2739 359 2779 exactis
377 2738 585 2791 Regibus,
601 2744 647 2779 et
661 2739 866 2780 Consules
886 2746 932 2780 et
946 2741 1073 2793 Equi-

193 2806 274 2853 tes,
292 2813 390 2842 cum
422 2800 572 2842 Idibus
591 2802 853 2844 Quintilibus
881 2808 1073 2844 transve-

192 2865 414 2914 herentur,
435 2866 500 2907 usi
521 2871 635 2907 sunt.

247 2927 266 2956 Β
293 2929 450 2981 Idibus]
480 2930 659 2971 Romani
682 2942 851 2971 menses
884 2932 1073 2985 singulos

193 2999 282 3034 tres
300 2993 341 3032 in
362 2998 510 3045 partes
544 2993 810 3046 tribuebant,
836 2996 1074 3048 Kalendas,

193 3057 358 3108 Nonas,
383 3062 429 3098 et
454 3057 584 3097 Idus:
614 3057 670 3097 de
690 3057 846 3110 quibus
867 3059 951 3100 duo
982 3067 1074 3100 tan-

192 3126 282 3161 tum
318 3121 573 3173 quaerimus3
625 3119 737 3161 unde
773 3121 866 3162 haec
903 3125 1076 3165 nomina

192 3183 342 3236 petita,
359 3187 549 3237 quotque
568 3183 661 3224 dies
682 3183 859 3236 singulis
877 3186 1074 3237 partibus

191 3246 298 3286 dati.
354 3246 565 3287 Kalendae
599 3259 624 3287 a
655 3249 778 3297 καλῶ,
806 3247 920 3300 quod
958 3249 1073 3302 apud

193 3308 371 3349 Graecos
401 3309 515 3350 idem
545 3309 677 3359 valet,
706 3309 818 3361 quod
850 3311 962 3362 apud
994 3324 1071 3352 nos

191 3383 294 3410 voco.
349 3371 457 3410 Cum
496 3372 608 3411 enim
641 3384 787 3412 mense
819 3373 958 3414 lunari
977 3379 1069 3415 ute-

193 3441 358 3486 rentur,
387 3435 459 3475 ubi
491 3436 694 3476 Pontifex
724 3439 907 3489 primum
938 3440 1069 3480 Lunae

193 3502 410 3551 aspectum
431 3497 717 3548 observasset,
748 3506 899 3542 vocata
917 3502 960 3542 in
986 3503 1070 3544 Ca-

1150 1150 1349 1203 pitolium
1370 1150 1513 1203 plebe,
1543 1155 1646 1203 quot
1675 1148 1765 1188 dies
1799 1149 1852 1188 ad
1887 1148 2032 1190 Nonas

1149 1219 1443 1267 superessent,
1478 1213 1557 1253 hac
1604 1211 1786 1252 formula
1823 1212 2033 1263 praedice-

1149 1279 1248 1319 bat:
1279 1279 1324 1318 Si
1350 1279 1554 1330 quinque,
1585 1279 1596 1299 ‘
1619 1277 1727 1316 Dies
1761 1276 1952 1329 quinque
1986 1283 2031 1318 te

1150 1355 1270 1392 voco,
1305 1342 1421 1383 Juno
1480 1340 1695 1381 Novella.’
1767 1341 1810 1379 Si
1848 1347 2034 1392 septem,

1147 1406 1158 1426 ‘
1182 1406 1286 1444 Dies
1307 1410 1474 1456 septem
1497 1411 1540 1444 te
1558 1416 1677 1454 voco,
1691 1402 1807 1443 Juno
1820 1403 2034 1444 Novella.'

1149 1469 1305 1519 Nonae,
1326 1469 1448 1521 quasi
1467 1481 1589 1508 novae
1622 1467 1931 1507 observationis
1951 1463 2032 1508 ini'-

1146 1533 1278 1582 tium3
1310 1534 1395 1583 vel,
1426 1531 1537 1584 quod
1571 1531 1623 1571 ab
1657 1543 1708 1570 eo
1741 1531 1810 1570 die
1841 1531 1893 1570 ad
1927 1531 2031 1572 Idus

1146 1609 1296 1637 novem
1317 1596 1408 1636 dies
1441 1601 1711 1648 putarentur.
1769 1595 1850 1634 His
1877 1595 2031 1636 diebus

1143 1662 1236 1700 Rex
1256 1662 1484 1701 Sacrorum
1501 1660 1639 1701 *ferias
1660 1668 1899 1700 menstruas
1920 1673 2034 1713 prae-

1142 1724 1329 1764 dicebat.
1402 1725 1524 1774 Idus,
1584 1725 1651 1764 vel
1691 1724 1746 1764 ab
1786 1736 1866 1763 ove
1903 1724 2032 1775 Iduli,

1142 1801 1238 1840 quae
1275 1789 1357 1828 boc
1397 1789 1466 1828 die
1516 1788 1830 1839 immolabatur,
1872 1788 1937 1827 vel
1977 1788 2031 1828 ab

1145 1853 1363 1893 Hetrusca
1384 1865 1489 1893 voce
1516 1852 1676 1900 Iduare,
1708 1853 1787 1892 hoc
1807 1858 1889 1903 est,
1919 1851 2028 1892 divi-

1145 1916 1263 1969 dere,
1290 1915 1403 1969 quod
1439 1927 1627 1955 mensem
1663 1917 1768 1955 duas
1807 1916 1849 1954 in
1886 1920 2031 1966 partes

1144 1993 1281 2033 prope
1303 1982 1491 2034 aequales
1515 1980 1726 2020 dividant.
1769 1991 1820 2020 ιι.
1868 1980 2030 2019 Kalen-

1145 2044 1212 2084 dae
1234 2051 1398 2084 certam
1431 2043 1576 2083 sedem
1609 2055 1780 2095 semper
1801 2047 2033 2095 occupant,

1146 2107 1329 2159 primum
1350 2106 1559 2159 cujusque
1579 2106 1734 2147 mensis
1766 2105 1902 2146 diem:
1940 2107 2030 2146 No-

1145 2183 1209 2211 nae
1243 2175 1289 2210 et
1327 2170 1430 2210 Idus
1463 2182 1546 2210 non
1582 2171 1702 2211 item.
1763 2169 1816 2209 Iu
1849 2169 2029 2222 Martio,

1140 2234 1275 2286 Maio,
1300 2234 1434 2287 Julio,
1456 2240 1499 2275 et
1516 2233 1712 2283 Octobri,
1741 2234 1878 2274 Nonae
1896 2233 2029 2286 septi-

1143 2311 1276 2349 mum,
1296 2297 1398 2337 Idus
1418 2298 1632 2341 decimum
1652 2298 1872 2351 quintum:
1903 2297 1946 2337 in
1963 2309 2034 2337 re·

1140 2360 1265 2413 liquis
1287 2361 1425 2401 Nonae
1445 2360 1657 2413 quintum,
1688 2359 1793 2400 Idus
1814 2359 2030 2400 decimum

1142 2424 1334 2464 tertium.
1363 2424 1518 2476 Sicque
1538 2424 1662 2464 nonis
1679 2423 1806 2463 modo
1828 2429 2031 2476 quatuor,

1143 2487 1270 2528 modo
1300 2500 1375 2528 sex
1403 2488 1496 2528 dies
1532 2488 1809 2529 tribuuntur:
1840 2500 2029 2540 semper,

1142 2558 1187 2592 et
1223 2551 1374 2592 Idibus
1407 2564 1580 2605 novem,
1606 2557 1651 2592 et
1688 2551 1899 2592 Kalendis
1929 2564 2027 2592 sex-

1142 2615 1294 2656 decim.

1197 2677 1206 2706 ἵ
1233 2677 1378 2730 saliis]
1408 2678 1514 2718 Cum
1534 2689 1559 2718 a
1577 2689 1723 2717 mense
1739 2677 1902 2717 Martio
1923 2677 2026 2717 anni

1143 2743 1402 2795 principium
1453 2746 1691 2793 peteretur,
1738 2740 1809 2780 hic
1860 2740 2032 2793 mensis,

1143 2806 1254 2860 quod
1289 2805 1344 2845 ab
1374 2817 1423 2845 eo
1456 2806 1629 2858 quintus
1663 2809 1790 2856 esset,
1818 2804 2028 2847 Quintilis

1143 2870 1284 2909 dictus
1316 2875 1411 2909 est:
1442 2881 1681 2922 nomenque
1700 2880 1837 2918 suum,
1864 2868 2026 2909 Janua-

1145 2934 1205 2973 rio
1225 2939 1271 2974 et
1291 2933 1526 2973 Februario
1558 2945 1583 2973 a
1602 2933 1743 2973 Numa
1763 2931 1937 2983 additis,
1958 2943 2026 2971 re-

1145 2997 1287 3037 tinuit.
1328 2996 1390 3037 At
1409 2997 1471 3037 M.
1490 2995 1701 3036 Antonius
1721 2995 1894 3045 Consul,
1910 2999 2025 3034 teste

1142 3060 1385 3112 Macrobio,
1426 3061 1566 3113 legem
1599 3059 1713 3109 tulit,
1755 3064 1804 3097 ut
1841 3069 1866 3097 a
1906 3057 2025 3098 Julio

1143 3124 1334 3175 Caesare,
1375 3123 1448 3178 qui
1483 3134 1536 3163 eo
1572 3130 1717 3162 mense
1749 3127 1876 3160 natus
1912 3124 2025 3172 erat,

1141 3189 1283 3231 Julius
1303 3188 1538 3228 diceretur.

1195 3259 1224 3279 ¹¹¹
1255 3252 1306 3297 Q.
1328 3250 1493 3302 Fabius]
1524 3249 1761 3289 Rullianus.

1192 3320 1211 3340 ¹¹
1243 3313 1479 3364 Transvehi]
1508 3313 1637 3351 Multi
1667 3311 1838 3363 quidem
1866 3312 1921 3353 de
1940 3313 2023 3355 hac

1139 3388 1295 3428 pompa
1328 3375 1612 3426 scripserunt,
1655 3373 1729 3412 sed
1765 3374 2019 3417 aliteraliis

1137 3441 1296 3491 placet.
1352 3439 1415 3477 Eo
1447 3437 1687 3476 institutam
1731 3442 1857 3488 putat
1897 3438 2021 3490 sigo.

1135 3503 1246 3553 nius,
1274 3507 1320 3542 ut
1352 3499 1533 3553 Equites
1562 3499 1616 3539 de
1652 3499 1880 3551 stipendiis
1913 3502 2019 3555 legi-
