2352 4022
715 332 848 371 eAr.
878 333 931 369 v,
978 331 1054 368 nn
1093 326 1418 367 οΜιΝιΒυε.
1873 314 1981 365 1ὒ5

152 462 538 512 certaverunt:
557 454 612 485 ‘¹⁸
653 469 812 522 aeque
838 452 985 505 enim
1011 451 1228 503 virtutis
1252 454 1415 503 estet
1438 450 1589 501 bona
1614 447 1811 516 patriae
1838 464 1979 500 aux-

145 545 282 606 isse,
312 547 368 593 et
389 541 541 593 mala
564 541 622 592 in
647 555 707 592 se
732 537 1022 591 transferre
1049 536 1312 588 voluisse.

222 627 279 680 3.
318 623 475 690 Quid
506 624 664 688 illud,
707 621 899 691 quod⁹
937 620 1006 672 L.
1033 620 1258 672 Paulo¹¹
1279 619 1502 673 consuli
1542 619 1775 683 evenit,*
1808 635 1981 687 quam

151 712 532 764 memorabile!
570 726 696 763 cum
723 708 776 761 ei
821 711 968 758 sorte
1010 707 1311 770 evenisset,
1335 711 1398 758 nt
1437 705 1648 758 bellum
1686 721 1812 757 cum
1859 721 1985 772 rege

154 795 328 850 Perse
347 803 390 827 ¹0
408 803 430 825 ⁰
466 800 698 865 gereret,
738 798 795 846 et
819 791 1045 843 domum
1087 807 1119 842 e
1159 790 1353 842 curiae
1401 806 1703 857 regressae,
1750 788 1984 842 filiolam

154 897 315 935 suam
339 882 561 935 nomine
583 880 849 941 Tertiam,
894 893 1020 945 quae
1061 882 1179 929 tum
1221 882 1339 930 erat
1383 875 1690 928 admodum
1729 875 1986 944 parvula,

153 968 466 1032 osculatus,
504 967 719 1020 tristem
762 964 1255 1018 animadverteret:
1292 962 1666 1029 interrogavit,
1692 965 1707 988 ‘
1728 960 1864 1029 quid
1903 961 1987 1013 ita

153 1067 225 1104 eo
247 1052 404 1106 vultu
428 1056 580 1105 esset
595 1050 628 1104 ε’
653 1067 780 1120 quae
819 1050 1128 1119 respondit,
1167 1052 1185 1076 ‘
1205 1047 1438 1101 Persam
1463 1048 1697 1116 periisse
1715 1047 1748 1100 :⁹
1787 1048 1985 1101 deces-

152 1142 304 1189 serat
327 1141 508 1190 autem
532 1138 782 1201 catellus,
811 1153 977 1205 quem
1014 1135 1206 1205 puella
1231 1136 1286 1187 in
1325 1134 1546 1186 deliciis
1568 1133 1860 1197 habuerat,
1885 1149 1986 1186 no-

147 1221 294 1274 mine
316 1220 510 1276 Persa.
581 1223 831 1292 Arripuit
854 1223 1019 1291 igitur
1041 1237 1203 1273 omen
1230 1220 1464 1284 PauluS,
1490 1235 1673 1288 exque
1697 1219 1978 1272 fortuito¹¹

147 1305 320 1372 dicte,
348 1308 514 1376 quasi
538 1324 695 1377 spem
718 1313 924 1362 certam
950 1307 1245 1360 clarissimi
1281 1306 1584 1374 triumphiq
1623 1306 1809 1358 animo
1835 1321 1983 1374 prae-

153 1394 375 1448 sumsit.

226 1479 281 1532 4.
297 1477 377 1532 At
402 1479 639 1533 Caecilia
665 1479 951 1543 Metelli,¹2
971 1487 987 1508 ¹
1014 1478 1145 1530 dum
1167 1477 1374 1529 sororis
1396 1476 1549 1540 filiae,
1570 1475 1778 1528 adultae
1804 1478 1988 1528 aetatis

154 1563 369 1633 virgini,
406 1581 560 1618 more
598 1564 813 1634 prisco,
854 1566 1019 1616 nocte
1059 1561 1376 1627 concubia?
1415 1561 1696 1630 nuptialia
1743 1562 1927 1630 petit,⁶
1950 1568 1987 1599 ¹³

208 1709 230 1737 ὅ
258 1711 407 1751 Merito
422 1711 590 1762 dubites,
619 1723 670 1750 an
699 1709 839 1760 majori
869 1709 984 1749 laude
1014 1706 1137 1758 digna
1165 1707 1223 1748 sit
1250 1707 1332 1748 viri
1354 1708 1589 1761 amplissimi
1613 1708 1780 1748 victoria
1808 1708 1857 1748 de
1883 1705 1992 1747 Veiis

154 1764 295 1814 relata,
322 1777 374 1804 an
389 1765 458 1816 pia
473 1765 584 1805 illius
598 1765 788 1817 precatio.

208 1825 224 1846 ‘
252 1819 446 1871 Ean-qamt
462 1831 515 1859 ea
531 1819 640 1860 iuius
655 1818 803 1870 nuptia
811 1816 953 1866 felices
961 1815 1120 1865 sutura
1136 1815 1234 1855 sint.

922 1892 1222 1912 OONOOO'OOOOO

156 1958 182 1994 8
212 1952 365 1996 Heius.
385 1957 424 1996 1.
454 1960 502 1995 et
533 1953 667 1995 Barb.
701 1957 739 1993 1.
767 1952 1025 2004 certaverint,
1053 1952 1167 2006 qnod
1206 1951 1459 1992 concinnius
1497 1957 1618 2003 putat
1648 1953 1827 1993 Torren.
1884 1951 1992 1992 Mox

156 2007 284 2049 codd.
313 2009 463 2050 multi:
504 2009 547 2048 in
579 2021 620 2049 se
652 2007 889 2057 transferri:
927 2007 1120 2048 nonnulli
1149 2006 1347 2047 Torrenii
1382 2012 1428 2047 et
1465 2007 1666 2048 Perizon.
1700 2005 1992 2056 transferre.—

157 2065 184 2101 9
210 2063 332 2103 Unus
351 2063 473 2103 Leid.
494 2062 602 2108 Quid
620 2063 720 2102 illud
737 2065 811 2110 est,
831 2063 932 2113 quod
946 2075 959 2101 .·
989 2061 1123 2101 Barb.
1143 2065 1182 2101 1.
1197 2064 1238 2101 2.
1263 2060 1373 2106 Quid
1389 2061 1455 2100 id:
1485 2060 1561 2100 sed
1579 2062 1683 2101 illud
1702 2061 1820 2101 delet
1837 2062 1992 2112 Copes.

154 2116 306 2156 consuli
322 2116 447 2158 deest
463 2116 507 2155 in
525 2116 682 2167 Ultraj.
697 2119 847 2155 2.--10
878 2116 1002 2155 Persa
1021 2115 1116 2155 cod.
1134 2116 1334 2155 Perizon.
1355 2114 1584 2154 duodecim
1604 2116 1784 2154 Tor-ren.
1806 2121 1852 2154 et
1874 2121 1988 2154 utra-

156 2181 240 2222 que
265 2170 426 2210 Venet.
445 2206 447 2208 .
481 2170 588 2209 Mox
621 2182 700 2221 pro
719 2168 894 2222 filiolam
926 2169 968 2208 in
994 2169 1101 2209 Vet.
1127 2169 1384 2222 filiam—ll
1423 2168 1629 2218 Pighius:
1671 2181 1764 2220 eque
1787 2169 1963 2218 fortuito
1978 2182 1992 2208 .-

156 2222 283 2263 codd.
302 2223 466 2264 Brand.
486 2235 582 2263 cum
605 2224 828 2275 plusquam
857 2222 1010 2273 viginti
1027 2223 1207 2263 Torren.
1227 2229 1272 2262 et
1292 2221 1362 2262 ed.
1383 2222 1569 2275 Herbip.
1601 2235 1725 2274 exque
1744 2222 1993 2272 fortuito.—

158 2279 211 2316 12
238 2277 394 2317 Metelli
409 2289 511 2316 uxor
526 2278 570 2317 in
589 2277 730 2317 Bitur.
751 2280 791 2316 1.
808 2275 976 2316 Medic.
995 2280 1037 2316 2.
1059 2276 1181 2316 Leid.
1198 2281 1238 2317 3.
1261 2282 1306 2316 et
1325 2276 1486 2327 Ultraj.
1505 2280 1545 2316 2.
1577 2277 1651 2316 sed
1674 2283 1796 2316 recte
1816 2276 1994 2327 Pighius

156 2329 271 2372 vidit
284 2330 391 2371 illud
407 2343 510 2371 mor
528 2337 671 2372 ortum
683 2343 708 2371 e
723 2330 1001 2371 Glossa-ls
1021 2331 1146 2372 Voss.
1162 2333 1201 2371 2.
1214 2330 1387 2382 nuptiali
1401 2331 1626 2382 petita—14
1646 2331 1780 2372 Klok.
1795 2331 1992 2383 legebat:

985 2437 1164 2480 NOTAE

210 2527 232 2549 Ι·
250 2518 300 2563 L.
316 2520 462 2573 Paulo]
479 2522 545 2561 Ex
563 2526 694 2573 gente
711 2521 899 2571 AEmilia,
912 2521 1041 2573 illius,

159 2585 234 2637 qui
267 2584 326 2624 ad
361 2585 533 2625 Cannas
562 2585 742 2635 cecidit,
775 2584 918 2626 filius:
946 2586 1043 2637 ipse

158 2648 301 2687 tribue
319 2647 549 2700 triumphis
567 2648 740 2689 claruit.

211 2709 241 2734 '’
267 2709 348 2751 Aa·
367 2711 432 2751 M.
461 2714 583 2752 3886.
635 2711 710 2752 Ol.
730 2716 824 2756 153.
843 2717 883 2754 1.
928 2712 1040 2754 Urb.

159 2774 209 2814 C.
229 2777 326 2815 ³8⁶.
371 2772 477 2815 Ant.
496 2774 574 2815 Ch.
593 2778 686 2816 167.

210 2843 235 2865 ⁰
261 2839 362 2879 Cum
378 2838 492 2889 Rege
505 2839 649 2892 Perse]
666 2840 939 2882 Macedoniae
957 2841 1041 2882 Re·

159 2913 229 2954 ge,
242 2902 316 2955 qvi
334 2903 507 2954 spurius
523 2903 719 2956 Philippi
737 2903 1042 2957 filins,paterni

159 2964 203 3004 in
239 2965 454 3006 Romanos
488 2966 634 3007 haeres
667 2967 773 3020 odii,
796 2968 959 3009 bellum
995 2968 1041 3008 iu

158 3039 235 3068 eos
270 3028 421 3081 gessit,
454 3030 568 3082 quod
605 3037 760 3083 quarto
795 3044 925 3082 anno,
949 3037 1042 3073 tm

157 3091 289 3143 imus,
313 3103 440 3145 quum
468 3093 589 3145 regui
610 3095 886 3136 Macedonici
914 3095 1042 3136 clade

158 3167 210 3196 ac
230 3155 444 3196 servitu-te
459 3155 626 3197 finitum
644 3162 728 3198 est.

210 3224 235 3252 θ
267 3219 301 3259 Ε
325 3219 455 3271 curia]
475 3220 648 3273 Triplex
669 3221 941 3272 potissimum
956 3222 1040 3264 fuit

157 3281 286 3334 hujus
300 3283 421 3322 mis
437 3283 658 3335 acceptio:
688 3285 822 3324 Curia
837 3285 971 3336 enim,
995 3291 1042 3327 et

160 3356 260 3396 pars
292 3346 464 3397 populi3
491 3352 536 3385 et
557 3346 670 3386 aedes
703 3347 747 3386 in
782 3348 938 3400 quibus
967 3350 1041 3389 tri-

162 3409 282 3461 ginta
317 3410 445 3450 cnriae
479 3423 604 3451 sacra
633 3424 711 3452 sua
746 3413 1038 3466 peragebant3

163 3478 208 3512 et
235 3473 353 3512 locus
385 3474 472 3524 ille,
497 3486 582 3526 quo
601 3474 660 3515 de
686 3476 755 3516 bie
782 3477 940 3530 agitur,
969 3479 1043 3520 ubi

160 3534 344 3576 Senatus
360 3535 511 3575 haberi
534 3536 715 3577 solebat.

1162 2527 1180 2554 ‘³
1229 2521 1456 2561 Clarissimi
1506 2520 1719 2574 triumphi]
1765 2521 1833 2560 De
1867 2521 1997 2561 Pauli

1108 2596 1270 2636 pugna,
1282 2585 1481 2637 victoria,
1497 2584 1720 2637 triumpho
1736 2584 1821 2624 erit
1842 2590 1994 2637 postea

1107 2650 1391 2702 opportunior
1411 2649 1568 2701 agendi
1586 2651 1719 2690 locus.

1159 2719 1177 2741 ¹
1204 2714 1371 2755 caecilia
1390 2714 1566 2766 Metelli]
1593 2715 1801 2767 Intellige
1826 2720 1839 2737 ⁸
1855 2715 1992 2767 uxor,’

1107 2789 1228 2818 more
1248 2779 1442 2832 antiquo,
1459 2783 1507 2818 nt
1524 2778 1656 2819 etiam
1677 2789 1790 2818 nunc
1810 2778 1853 2818 in
1874 2790 1993 2818 mau-

1105 2842 1224 2882 soleo
1255 2854 1342 2882 non
1371 2843 1526 2894 procul
1556 2840 1613 2882 ab
1642 2841 1766 2891 urbe,
1796 2841 1852 2882 ad
1881 2842 1993 2881 viam

1107 2905 1296 2960 Appiam
1315 2907 1489 2958 legitur,
1514 2906 1732 2948 Officium
1753 2907 1807 2950 Q.
1827 2906 1994 2947 Cumi-

1109 2981 1171 3011 ει.
1225 2971 1328 3011 Fuit
1341 2971 1534 3022 Caecilia,
1547 2970 1700 3010 itidem
1720 2976 1769 3010 ut
1787 2970 1880 3022 ipse
1899 2971 1993 3009 Me-

1106 3035 1252 3086 tellus,
1281 3047 1335 3075 ex
1361 3035 1498 3076 nobili
1516 3034 1786 3076 Caeciliorum
1815 3033 1996 3085 familia,

1107 3100 1163 3141 Q·
1181 3098 1354 3140 Metelli
1373 3097 1593 3138 Numidici
1623 3109 1767 3139 soror:
1799 3096 1867 3136 cui
1888 3107 1995 3136 vero

1108 3162 1385 3202 Metellorum
1435 3160 1646 3212 nupserit,
1696 3171 1778 3199 non
1826 3160 1990 3212 liquet3

1109 3238 1205 3266 cum
1225 3225 1272 3265 id
1290 3225 1500 3277 temporis
1517 3229 1701 3276 quatuor
1716 3223 1885 3262 Metelli
1899 3222 1993 3263 Ma·

1109 3290 1307 3330 cedonici
1326 3289 1402 3328 filii
1423 3289 1467 3327 in
1486 3286 1727 3337 Republica
1743 3284 1965 3328 florerent.

1162 3358 1178 3378 ⁸
1202 3354 1325 3392 Nocte
1343 3350 1546 3401 concubia]
1562 3349 1831 3400 Intempesta
1848 3357 1994 3402 nocte,

1110 3416 1226 3468 qnod
1263 3415 1427 3454 nullum
1465 3417 1637 3462 tempus
1670 3410 1833 3452 habeat
1865 3413 1992 3454 rebus

1107 3478 1311 3530 gerendis
1336 3476 1550 3515 idoneum.
1618 3473 1725 3514 Dies
1756 3475 1870 3527 apud
1905 3478 1992 3517 Ro-

1109 3552 1258 3581 manos
1278 3553 1306 3579 a
1322 3543 1450 3578 nocte
1470 3536 1614 3577 media
1638 3536 1888 3591 incipiebat,
1921 3552 1994 3580 cu.
