2352 4022
671 313 801 353 cAr.
832 310 894 352 x.
935 311 1015 351 ns
1056 309 1443 351 MAJES'rA'rE.
1857 296 1965 350 319

148 427 375 490 diceret,
397 427 718 498 tabulaeque
751 429 874 498 ejus
912 429 984 482 ab
1018 433 1345 482 accusatore
1372 426 1747 496 expostulatae
1773 426 1844 479 ad
1868 444 1966 480 no·

146 518 307 566 men³
347 513 786 582 inspiciendum‘¹
823 514 972 566 circa
1005 513 1277 582 judicium
1313 515 1597 575 ferrentur,
1624 515 1803 565 totum
1837 528 1965 564 con-

147 597 359 649 silium⁴
382 597 453 649 ab
470 613 653 649 earum
671 597 1137 664 contemplatione
1154 598 1351 651 oculos
1367 597 1586 661 avertit,
1599 613 1667 648 ne
1686 596 1755 649 de
1778 596 1969 665 aliqua

146 698 220 745 re,
240 698 368 751 quae
390 682 449 734 in
471 680 562 735 his
585 683 760 735 relata
785 687 919 747 erat,
959 681 1236 734 videretur
1256 683 1561 735 dubitasse.
1635 681 1771 734 Non
1803 682 1861 733 in
1887 685 1971 733 ta-

146 765 335 830 bulis,e
369 765 468 819 sed
507 767 564 819 in
597 766 713 821 vita
740 765 815 830 Q.
842 764 1056 817 Metelli
1095 771 1416 832 argumenta
1457 765 1666 817 sincere
1706 765 1973 818 adminis-

148 854 308 904 tratae
332 850 636 919 provinciae
676 849 907 917 legenda
945 848 1053 901 sibi
1082 848 1341 917 judices⁵
1379 849 1757 903 crediderunt:
1794 849 1973 916 indig-

147 950 282 988 num
307 936 411 988 rati
435 934 803 1003 integritatem
828 934 970 987 tanti
983 933 1088 986 viri
1115 934 1319 1001 exigua
1341 950 1484 999 cera,
1501 941 1555 988 et
1574 935 1770 1003 paucis
1792 935 1973 988 literis

147 1019 459 1089 perpendi-⁸

216 1104 272 1157 2.
308 1103 421 1158 Sed
444 1101 578 1172 quid
601 1102 819 1167 mirum,
852 1102 900 1154 si
925 1102 1146 1156 debitus
1183 1103 1359 1156 honos
1399 1119 1433 1156 a
1476 1104 1696 1157 civibus
1738 1084 1977 1156 Metello

148 1186 384 1245 tributus
409 1193 516 1251 est,
541 1203 708 1256 quem
735 1187 1003 1255 superiori
1024 1185 1290 1240 Africano
1311 1188 1478 1240 etiam
1502 1188 1683 1241 hostis
1703 1194 1976 1258 praestare

147 1290 259 1326 non
278 1273 592 1327 dubitavit?
667 1271 957 1340 Siquidem
995 1288 1097 1324 rex
1122 1271 1438 1324 Antiochus
1463 1272 1634 1336 bello,
1674 1272 1824 1340 quod
1851 1289 1976 1326 cum

150 1357 425 1412 Romanis
449 1357 690 1425 gerebat,
721 1355 898 1407 filium
925 1354 1065 1424 ejuS,
1091 1372 1125 1408 a
1150 1357 1415 1409 militibus
1441 1357 1559 1410 suis
1584 1358 1971 1426 interceptum,

145 1442 571 1496 honoratissime
594 1441 837 1508 excepit,
861 1440 1138 1508 regiisque
1176 1442 1494 1494 muneribus
1530 1442 1797 1494 donatum
1832 1442 1977 1493 ultro

148 1531 206 1579 et
229 1527 480 1580 celeriter
503 1526 649 1594 patri
683 1525 898 1577 remisit
918 1540 931 1577 :
948 1520 967 1552 f
998 1540 1318 1593 quanquam
1360 1526 1430 1577 ab
1465 1541 1534 1578 eo
1575 1531 1690 1578 tum
1728 1526 1976 1578 maxime

201 1692 221 1720 ὓ
246 1693 499 1734 Arhia-untes
514 1693 722 1744 indignum
745 1704 826 1733 esse
859 1693 1134 1746 integritatem
1164 1694 1269 1734 tanti
1295 1692 1376 1734 viri
1405 1693 1597 1734 oestinmri
1628 1705 1679 1734 ex
1694 1706 1819 1745 parva
1839 1693 1982 1735 tabella

148 1759 239 1788 cera
254 1747 435 1799 obducta,
453 1752 493 1788 et
507 1747 644 1800 paucis
663 1746 808 1789 literis.

918 1853 1090 1869 0000000
1092 1853 1187 1869 om
1192 1853 1215 1869 0

149 1935 371 1979 Temnio.
374 1938 453 1977 —3
482 1933 664 1985 Pighius
694 1933 846 1986 edidit,
870 1936 1127 1986 expostulatoe
1157 1938 1197 1975 et
1227 1937 1278 1975 ad
1309 1946 1472 1982 nomen,-
1501 1946 1683 1986 eumque
1713 1938 1812 1974 sunt
1842 1935 1984 1974 secuti

150 1990 330 2031 Celei-u
349 1994 480 2043 atque
498 1988 631 2040 Thys.
651 2000 798 2028 verum
819 1993 858 2028 et
876 1989 999 2028 abest
1019 2002 1042 2028 a
1061 1989 1223 2029 Brand.
1246 1993 1282 2029 1.
1304 1993 1344 2030 2.
1365 1988 1509 2028 multis
1536 1989 1718 2028 Tot-ren.
1737 1989 1836 2028 Vet.
1863 1989 1984 2038 Mog.

149 2043 336 2095 Herbip.
353 2045 439 2086 &c-
492 2042 600 2083 Mox
617 2043 724 2082 Exc.
743 2043 892 2094 steph.
912 2042 1072 2083 Brand.
1090 2047 1128 2083 1.
1145 2046 1186 2082 2.
1206 2049 1252 2083 et
1269 2042 1419 2082 decem
1433 2043 1610 2082 Tot-ren.
1629 2054 1724 2081 cum
1739 2042 1841 2082 Vet.
1860 2043 1982 2091 Mog.

149 2056 1514 2144 venett.etMedi01.judices;Barb.1.circainde,·1,eid.6.
1544 2095 1782 2145 contr-ujus.
1838 2095 1986 2136 Ceteri

152 2149 278 2191 codd.
298 2148 548 2192 cumAldd.
569 2149 708 2189 Colin.
729 2149 900 2201 Gryph.
921 2149 1106 2202 Herbip.
1126 2153 1207 2191 &c.
1240 2152 1343 2190 lect.
1362 2155 1553 2189 nostram
1575 2157 1799 2189 testantur.
1802 2152 1881 2188 -4
1912 2149 1985 2189 Ita

151 2204 317 2245 Brund.
350 2208 390 2245 1.
425 2207 467 2245 2.
499 2207 545 2242 et
578 2202 772 2254 plerique
804 2203 1074 2254 Torreniani,
1103 2216 1199 2243 cum
1220 2205 1323 2244 Vet.
1356 2204 1478 2255 Mog.
1499 2203 1680 2244 Venett.
1700 2206 1739 2242 1.
1759 2206 1798 2242 2.
1817 2206 1857 2242 3.
1877 2206 1917 2243 4.
1944 2207 1985 2242 5.

151 2256 333 2299 Mediol.
352 2261 392 2297 1.
411 2259 452 2298 2.
469 2259 511 2297 3.
529 2259 571 2296 4.
591 2261 633 2297 5.
654 2256 820 2296 Oliver.
841 2256 973 2297 Aldd.
994 2257 1156 2309 Gryph.
1180 2264 1226 2298 et
1246 2257 1433 2321 lierbip.
1461 2257 1666 2296 concilium
1685 2257 1835 2308 Steph
1854 2257 1983 2308 Pigh.

152 2310 297 2354 eolat.
314 2310 410 2362 Thy
413 2322 447 2350 s.
466 2308 548 2350 διο.
602 2309 741 2349 Paulo
757 2315 854 2361 post
873 2314 986 2350 erant
1017 2323 1097 2361 pro
1126 2316 1213 2351 erat
1246 2312 1290 2351 in
1322 2312 1476 2363 Copes.
1506 2311 1618 2350 uude
1647 2310 1842 2350 Perizon.
1874 2311 1985 2361 conj.

149 2365 288 2404 relatae
311 2367 439 2414 erunt,
465 2361 581 2416 quod
601 2363 807 2403 exhibent
834 2364 1026 2403 nonnulli
1054 2365 1232 2404 Torren.
1262 2366 1335 2404 alii
1353 2366 1537 2406 Torren.
1562 2364 1745 2404 habent:
1774 2363 1818 2403 in
1842 2363 1895 2403 iis
1923 2377 1987 2404 re-

151 2417 245 2458 1atae
262 2422 391 2458 erum.
393 2421 471 2456 —5
503 2417 604 2456 Vet.
620 2416 696 2455 sibi
720 2417 916 2457 videlicet.
975 2417 1083 2457 Mox
1101 2419 1199 2458 Vet.
1228 2419 1326 2470 fiii,
1352 2419 1463 2458 Dan.
1495 2417 1628 2469 pendi.
1687 2417 1855 2469 Lipsius
1887 2429 1987 2457 con-

146 2470 250 2522 jicit
264 2472 409 2523 produ
436 2470 689 2510 Perizonius
707 2469 879 2519 defendi.
932 2469 1020 2510 Pro
1044 2472 1217 2524 vulgato
1236 2477 1350 2513 stant
1367 2484 1513 2513 omues
1543 2472 1647 2512 Mss.
1665 2471 1930 2512 Torreniani.
1933 2493 1985 2502 ν-

988 2590 1167 2632 NOTAE

157 2681 249 2722 sive
262 2681 366 2723 socii
378 2681 548 2735 judicio
569 2694 621 2723 eo
640 2687 906 2735 repeterent,
925 2683 1038 2735 quod

156 2756 230 2785 eas
260 2750 413 2785 contu
438 2745 515 2798 jus
540 2743 690 2798 fasque
710 2752 854 2798 raptas
889 2757 1040 2797 quere-

1107 2684 1455 2725 continebantur.
1503 2683 1614 2726 Cera
1634 2682 1766 2724 etiam
1780 2680 1894 2721 idem
1910 2685 1994 2731 est,

1108 2748 1222 2801 quod
1245 2747 1406 2796 tabula,
1434 2747 1537 2800 quia
1568 2747 1669 2788 olim
1698 2744 1859 2787 tabulae
1890 2756 1991 2786 cera

155 2814 316 2851 rentur.
371 2809 481 2850 Cum
514 2810 659 2850 multae
691 2810 812 2862 leges
845 2808 901 2849 de
920 2820 1042 2861 repe-

155 2871 302 2913 tundis
319 2873 422 2914 latae
452 2878 579 2924 sunt3
620 2880 709 2914 tum
727 2873 914 2913 maxime
933 2872 1044 2913 cele·

157 2935 257 2976 bres
294 2935 469 2987 Porcia,
507 2936 786 2988 Calphurnia,
819 2937 952 2979 Junia
997 2942 1044 2978 et

153 2999 353 3050 Servilia,
367 3013 472 3054 quas
491 3012 639 3041 omnes
653 3002 876 3053 explicare
897 3000 1035 3042 infini-

158 3069 247 3104 tum
267 3063 339 3103 sit.

207 3124 228 3154 δ
247 3126 315 3167 Λα
331 3138 468 3166 nomen
486 3125 790 3179 suspiciendum]
819 3126 886 3168 Ad
906 3127 1037 3180 inspi-

155 3189 354 3231 ciendum
382 3190 592 3241 debitum,
627 3191 743 3244 quod
778 3191 1033 3244 petebatur:

157 3252 348 3294 debitum
361 3254 474 3295 enim
486 3254 721 3295 vocabatur
737 3267 907 3306 nomen,
921 3255 1036 3308 quod

157 3315 399 3357 debitorum
435 3317 609 3359 nomina
639 3318 796 3359 tabulis
835 3318 1039 3360 inscribe-

166 3385 329 3421 rentur.

213 3448 231 3467 e
254 3443 342 3482 Non
371 3442 415 3482 in
442 3442 604 3495 tabulis]
640 3444 740 3485 Hoc
772 3447 838 3485 est
867 3443 1041 3494 libellis,

160 3504 203 3545 in
220 3504 372 3558 quibus
391 3513 488 3546 acta
506 3508 780 3561 rationesque
810 3509 1042 3561 provinciae

1107 2810 1262 2851 obduci
1281 2810 1493 2850 solebant.

1163 2872 1181 2898 f
1200 2874 1316 2913 Ultro
1333 2877 1373 2913 et
1391 2872 1569 2913 celeriter
1577 2873 1690 2924 patri
1705 2871 1880 2924 remisit]
1915 2870 1988 2911 Sic

1109 2948 1154 2976 se
1187 2948 1255 2976 res
1274 2936 1438 2977 habuit.
1492 2934 1707 2988 Scipionis
1726 2933 1923 2975 Africani
1939 2933 1988 2973 fi-

1109 3001 1212 3040 lium
1231 3000 1330 3042 dum
1356 3000 1688 3051 Hellespontum
1723 2998 1903 3049 trajicit,
1921 2997 1989 3036 vel

1104 3064 1290 3105 hostium
1327 3064 1535 3104 stationes
1567 3063 1814 3114 speculatur
1842 3061 1987 3100 incau-

1106 3127 1205 3179 tius,
1231 3127 1272 3167 id
1293 3127 1404 3168 enim
1424 3126 1656 3167 obscurum¹
1672 3129 1754 3174 est,
1783 3135 1809 3162 a
1843 3122 1990 3163 militi·

1104 3191 1182 3232 bus
1208 3199 1384 3244 captum
1415 3190 1501 3230 suis
1533 3188 1769 3228 Antiochus
1803 3186 1988 3238 benigne

1105 3256 1307 3308 excepit:
1338 3254 1540 3295 continuo
1558 3253 1723 3303 legatos
1751 3250 1803 3290 ad
1822 3249 1988 3301 Scipio·

1106 3330 1202 3359 nem
1240 3318 1372 3368 misit,
1408 3322 1454 3359 et
1488 3315 1623 3355 filium
1653 3315 1694 3354 ei
1724 3314 1816 3353 sine
1846 3312 1990 3365 pretio

1108 3381 1393 3428 redditurum,
1429 3384 1474 3419 et
1511 3377 1601 3417 auri
1638 3376 1803 3429 pondus
1839 3376 1989 3428 ingens

1108 3445 1343 3497 pollicitus,
1376 3442 1407 3481 si
1442 3452 1520 3493 per
1549 3452 1644 3480 eum
1675 3451 1826 3492 pacem
1853 3439 1986 3490 impe-

1110 3513 1280 3547 trasset.
1339 3504 1408 3546 Ad
1439 3516 1488 3545 ea
1515 3503 1680 3556 Scipio,
1718 3502 1730 3524 ‘
1756 3500 1883 3553 Ego,’
1926 3501 1988 3540 in-
