2294 3990
431 307 501 358 80

434 438 551 489 tum,’
565 437 578 460 ‘
588 436 885 487 Quaestttram,’
902 437 914 459 ⁴
925 435 1307 483 proconsulatum:

433 507 479 541 et
507 502 519 524 ‘
537 500 848 540 Dictaturam?
876 500 930 539 de
964 499 1116 551 quibus
1147 498 1182 538 si
1211 498 1304 550 quis

432 564 557 614 plura
576 568 676 602 avet
694 563 818 612 scire,
836 567 993 614 praeter
1007 565 1173 599 veteres
1190 561 1307 612 legat

432 625 666 677 Sigonium,
702 624 976 675 Grucchium,
1011 624 1223 675 Pighium,
1260 630 1306 664 et

1087 319 1163 355 DE
1206 316 1601 355 ROMANORUM

1344 436 1347 437 ’
1373 432 1610 474 Rosinum:
1641 445 1736 473 nam
1760 433 2020 486 Pomponius
2038 435 2182 476 Laetus
2200 439 2248 478 et

1372 498 1630 550 Fenestella,
1671 499 1760 539 sive
1807 499 1949 550 potius
1994 501 2248 540 Dominicns

1372 561 1565 612 Floccus,
1585 573 1635 601 ea
1665 562 1835 602 brevius
1865 573 1992 614 quam
2024 574 2103 614 par
2135 567 2250 603 esset

1373 625 1730 676 perstrinxerunt.

1178 793 1510 849 CONSUL.

486 940 516 970 1.
534 930 726 968 EXACsz
739 930 928 980 Regibus
942 943 1051 971 anno
1064 932 1196 972 Urbis
1210 937 1304 975 244.

433 993 732 1043 Magistratus,
771 999 948 1034 auctore
984 996 1114 1036 ,Iunio
1150 997 1303 1048 Bruto,

433 1057 567 1099 creari
601 1057 779 1107 placuit,
809 1058 880 1108 qui
907 1065 951 1097 et
972 1058 1059 1098 bini
1079 1066 1239 1109 essent,
1260 1067 1306 1100 et

431 1120 574 1170 annui,
592 1125 640 1159 ut
660 1126 705 1160 et
723 1121 833 1161 alter
853 1123 1049 1173 alterum,
1075 1131 1120 1163 et
1137 1124 1304 1176 imperii

430 1182 618 1223 brevitas
649 1190 874 1237 utrumque
905 1184 945 1224 in
979 1185 1118 1226 officio
1149 1189 1303 1227 retine-

430 1250 513 1285 ret.
569 1246 644 1293 Hi,
687 1247 798 1298 quod
846 1248 1007 1288 civibus
1051 1254 1304 1300 praeessent,

430 1308 612 1359 primum
633 1310 876 1360 Praetores3
897 1311 1051 1351 deinde
1071 1325 1095 1350 a
1107 1312 1305 1363 judican-

429 1372 500 1421 do,
527 1371 730 1422 Judices3
760 1373 946 1426 denique
974 1386 1000 1414 a
1029 1375 1304 1425 consulendo,

432 1434 635 1474 Consules
655 1435 762 1475 dicti
781 1442 894 1475 sunt.
953 1447 1003 1477 ιι.
1033 1437 1198 1479 Quibus
1217 1449 1304 1477 om-

430 1497 502 1536 nia
522 1495 612 1536 fere
631 1499 795 1550 Regum
816 1504 906 1538 tum
926 1499 1028 1551 jura
1055 1505 1144 1539 tum
1177 1501 1303 1553 insig-

431 1560 503 1599 nia
521 1572 748 1612 concessa;
780 1568 1007 1613 praetexta,
1025 1563 1128 1601 sella
1147 1564 1303 1603 curulis

431 1622 635 1673 eburnea,
651 1623 788 1664 fasces
807 1625 1027 1664 securibus
1045 1626 1211 1676 armati,
1229 1625 1305 1665 ini-

429 1686 492 1726 tio
518 1691 586 1728 24.
614 1689 740 1740 paulo
760 1694 856 1740 post
875 1689 1051 1728 consilio
1071 1687 1305 1740 Poplicolae

429 1753 498 1790 12.
532 1751 601 1803 qui
636 1763 719 1791 non
755 1758 879 1792 erant
914 1764 1046 1804 penes
1081 1757 1306 1805 utrumque

431 1814 678 1864 Consulem,
707 1815 782 1856 sed
806 1816 981 1856 alternis
1001 1815 1215 1856 mensibus
1234 1827 1307 1867 pe·

431 1888 506 1916 nes
527 1878 731 1927 alterum3
759 1890 856 1918 nam
878 1879 1015 1931 primo
1034 1891 1179 1919 mense
1197 1891 1306 1931 prae·

430 1937 537 1978 ferri
557 1940 749 1980 solebant
776 1941 965 1991 Consuli,
993 1947 1067 1981 aut
1100 1941 1172 1993 qui
1203 1946 1308 1981 natu

431 2001 584 2052 major,
601 2013 652 2040 ex
672 2003 767 2052 lege
783 2004 971 2052 Valeria,
986 2008 1059 2044 aut
1077 2005 1143 2043 cui
1164 2005 1307 2055 plures

431 2071 574 2103 essent
606 2065 747 2116 liberi,
779 2078 833 2106 ex
859 2067 988 2108 Julia.
1044 2078 1116 2106 111.
1148 2068 1307 2107 Consu-

428 2127 516 2167 lum
547 2128 638 2167 baec
666 2129 808 2169 munia
824 2128 969 2170 fuere:
999 2141 1120 2168 sacra
1146 2128 1308 2180 facere,

425 2188 497 2240 jus
531 2191 762 2230 secundum
802 2193 919 2244 leges
956 2191 1118 2244 dicere,
1152 2193 1306 2232 habere

430 2253 617 2304 comitia,
636 2257 834 2295 Senatum
856 2268 1023 2308 cogere,
1042 2268 1192 2307 rogare
1213 2269 1306 2296 sen-

430 2316 608 2368 tentias,
623 2318 996 2359 Senatnsconsulta
1011 2326 1054 2360 et
1072 2320 1308 2361 Plebiscita

433 2378 605 2430 exequi,
622 2380 777 2420 habere
794 2381 1000 2430 detectus,
1021 2384 1166 2435 populi
1181 2383 1306 2435 jussu

432 2442 547 2481 bella
589 2455 753 2495 gerere,
789 2445 1087 2485 administrare
1125 2446 1305 2486 Provin-

431 2505 533 2554 cias,
553 2507 689 2546 socios
709 2508 817 2547 tueri
836 2520 847 2556 ;
877 2515 936 2559 et,
969 2507 1079 2559 quod
1098 2508 1201 2559 ipsis
1221 2509 1304 2548 sin-

434 2568 580 2619 gulare
599 2568 698 2618 fuit,
717 2572 790 2609 s'no
812 2577 899 2609 turn
919 2572 1086 2611 nomine
1108 2577 1197 2611 tum
1213 2572 1306 2611 Ma-

431 2630 613 2682 gistratu
634 2645 835 2672 annorum
861 2634 1029 2685 signare
1059 2647 1304 2678 numerum:

432 2693 512 2733 hoc
533 2706 615 2733 uno
643 2694 867 2735 inferiores
898 2698 1100 2748 Regibus,
1131 2697 1243 2749 quod
1266 2698 1306 2736 in

433 2764 565 2807 caput
601 2759 704 2797 civis
742 2759 918 2799 Romani
961 2760 1124 2811 injussu
1164 2761 1306 2810 populi

434 2819 778 2860 animadvertere
803 2822 996 2870 vetitum,
1025 2828 1070 2861 et
1098 2822 1232 2861 cuivis
1262 2822 1310 2861 li·

434 2886 553 2921 cen-et
571 2881 623 2921 ab
652 2883 713 2922 eis
742 2883 795 2922 ad
830 2884 1030 2934 populum
1062 2896 1310 2934 provocare.

433 2955 496 2983 xv.
540 2945 726 2996 Legibus
763 2951 937 2986 cautum
974 2951 1081 2998 erat,
1127 2958 1180 2986 ne
1216 2949 1311 2999 quis

434 3009 594 3049 Consul
613 3015 848 3061 crearetur,
874 3011 954 3050 nisi
975 3016 1019 3050 et
1039 3023 1228 3062 praesens
1248 3025 1310 3051 es-

434 3077 516 3124 set,
550 3078 596 3113 et
626 3077 693 3114 43.
724 3086 854 3114 annos
887 3079 1024 3124 natus,
1058 3079 1102 3114 et
1131 3074 1310 3116 Patricii

433 3135 633 3188 genet-ist
662 3136 739 3177 sed
771 3148 916 3176 earum
946 3138 1087 3190 legum
1111 3139 1204 3178 aliae
1227 3139 1309 3178 alia

433 3199 486 3238 de
506 3211 633 3239 causa
650 3198 862 3239 interdum
887 3201 1097 3251 neglectae
1118 3198 1307 3250 fuerunt,

434 3262 531 3301 aliae
552 3261 801 3303 infirmatae:
824 3275 920 3303 nam
940 3268 1039 3303 ante
1057 3269 1227 3303 aetatem
1248 3265 1307 3303 le-

434 3325 624 3376 gitimam
645 3326 898 3366 Consulatus
924 3326 1055 3365 honos
1074 3331 1118 3366 et
1136 3326 1308 3366 virtutis

436 3399 540 3440 ergo
583 3390 644 3429 M.
680 3390 854 3430 Valerio
898 3390 1101 3440 Corvino,
1146 3389 1309 3430 duobus

435 3450 651 3491 Africanis
691 3454 850 3506 Majori
892 3460 936 3493 et
974 3453 1132 3492 Minori
1155 3466 1167 3502 ;
1213 3452 1310 3491 huic

437 3514 566 3554 etiam
601 3515 782 3567 absenti,
829 3517 1112 3570 Pompeioque
1151 3517 1310 3568 Magno

1374 934 1540 974 delatus
1572 938 1668 981 est;
1697 934 1742 971 et
1775 942 1854 983 per
1886 930 1987 980 vim,
2018 935 2108 970 tum
2142 941 2170 968 a
2197 927 2246 970 C.

1373 997 1512 1037 Mario
1537 995 1710 1047 juniore
1743 1000 1833 1034 tum
1864 993 1918 1034 ab
1951 992 2136 1033 Octavio
2155 992 2249 1033 Cae-

1371 1073 1466 1100 sare
1495 1065 1738 1112 usurpatus.
1792 1058 1883 1098 Per
1914 1068 2048 1097 annos
2078 1055 2250 1109 quidem

1372 1127 1463 1164 142.
1482 1125 1622 1163 nullus
1640 1123 1722 1162 nisi
1741 1121 1958 1162 Patricius
1976 1119 2135 1161 Consul
2151 1117 2252 1160 fuis·

1372 1200 1419 1227 se
1455 1187 1734 1238 perhibetur3
1777 1184 1853 1226 sed
1890 1182 2064 1224 tandem
2101 1182 2251 1234 populi

1373 1251 1558 1303 querelis
1585 1263 1610 1290 a
1645 1249 1845 1290 Patribus
1877 1247 2023 1287 datum
2052 1251 2119 1286 est
2138 1257 2250 1285 anno

1373 1315 1501 1355 Urbis
1521 1318 1615 1354 387.
1645 1319 1694 1353 ut
1713 1312 1940 1354 Consulum
1961 1311 2087 1360 alter,
2102 1312 2148 1348 et
2174 1309 2252 1348 ali-

1374 1382 1536 1430 quanto
1552 1381 1662 1428 post,
1677 1380 1727 1415 ut
1742 1381 1923 1426 uterque
1935 1372 2067 1412 etiam
2081 1384 2106 1412 e
2121 1371 2250 1424 plebe

1372 1441 1607 1491 legeretur,
1630 1438 1744 1491 quod
1763 1436 1969 1488 deinceps
1986 1433 2250 1475 factitatum.

1373 1513 1419 1541 v,
1448 1501 1518 1541 Ab
1550 1512 1661 1541 anno
1692 1500 1824 1540 Urbis
1856 1502 1956 1539 244.
1995 1509 2080 1551 quo
2116 1497 2250 1549 ejecti

1371 1564 1591 1616 Tarquinii
1611 1563 1665 1603 ad
1685 1573 1841 1602 annum
1872 1564 1968 1602 302.
1995 1571 2160 1600 summa
2187 1571 2252 1600 re·

1372 1638 1467 1666 rum
1487 1638 1620 1678 penes
1640 1626 1847 1667 Consules
1864 1623 1971 1675 fuit;
1997 1623 2154 1664 deinde
2174 1634 2252 1676 per

1374 1689 1599 1730 triennium
1629 1690 1724 1741 plus
1751 1688 1889 1728 minus
1914 1697 2047 1739 penes
2066 1685 2254 1726 Decem·

1374 1753 1481 1793 viros
1499 1753 1637 1804 legum
1656 1750 1956 1800 ferendarum3
1976 1754 2075 1802 post
2093 1748 2251 1789 iterum

1373 1828 1503 1869 penes
1523 1816 1729 1857 Consules
1759 1815 1812 1855 ad
1840 1825 1997 1855 annum
2029 1816 2127 1854 316.
2156 1818 2251 1854 tum

1374 1880 1486 1920 enim
1513 1891 1592 1932 pro
1622 1878 1770 1931 populi
1799 1877 1976 1918 libidine
1995 1874 2120 1917 modo
2140 1875 2254 1919 Con-

1374 1945 1500 1995 sules,
1535 1942 1660 1982 modo
1691 1940 1868 1981 Tribuni
1891 1939 2097 1980 militares
2116 1931 2253 1979 creati

1373 2009 1472 2045 sunt
1487 2004 1539 2044 ad
1557 2017 1710 2044 annum
1726 2007 1819 2044 387.
1833 2001 1988 2042 deinde
2002 2013 2164 2042 summa
2179 2013 2252 2054 po·

1377 2073 1522 2115 testaS‚
1554 2067 1587 2105 si
1610 2067 1656 2106 L.
1677 2066 1803 2118 Syllae
1832 2071 1922 2104 tum
1952 2063 2127 2104 brevem
2160 2067 2249 2103 tum

1376 2131 1575 2183 injustam
1611 2129 1944 2169 dominationem
1977 2126 2138 2178 demas,
2171 2135 2251 2178 per

1374 2206 1505 2233 annos
1527 2205 1662 2245 prope
1681 2191 2016 2244 quadringentos
2034 2190 2076 2229 in
2092 2191 2252 2230 Consu·

1375 2259 1484 2298 libus
1504 2256 1588 2297 fuit
1607 2257 1659 2296 ad
1680 2267 1833 2295 annum
1853 2257 1947 2294 706.
1969 2265 2067 2293 cum
2085 2253 2135 2293 C.
2157 2252 2252 2293 Cae-

1374 2333 1459 2370 sar,
1498 2321 1624 2371 paulo
1658 2324 1756 2371 post
1786 2316 2030 2366 Triumviri,
2067 2315 2251 2367 denique

1373 2383 1665 2434 Imperatores
1683 2393 1826 2421 rerum
1854 2379 1983 2432 potiti
2015 2385 2127 2419 sunt.
2184 2389 2251 2418 vr.

1374 2447 1462 2486 Sub
1482 2447 1542 2485 liis
1563 2453 1704 2486 tamen
1725 2457 1779 2485 ex
1796 2456 1913 2484 more
1934 2444 2069 2484 creati
2088 2443 2252 2483 Consu-

1374 2510 1452 2560 les,
1472 2510 1544 2548 sed
1564 2520 1740 2561 quorum
1756 2518 1836 2547 nec
1851 2506 1998 2546 eadem
2019 2518 2113 2558 quoe
2133 2505 2252 2557 prins

1374 2573 1621 2621 auctoritas,
1652 2582 1732 2610 nec
1764 2570 1876 2610 idem
1909 2580 2138 2609 numerus:
2175 2579 2252 2620 po-

1375 2640 1510 2674 testas
1532 2634 1644 2673 enirn
1665 2634 1733 2672 vel
1755 2644 1887 2684 parva
1906 2632 1968 2671 vel
2000 2632 2145 2670 nulla:
2167 2643 2251 2670 'mt-

1374 2708 1513 2736 merus
1543 2709 1622 2748 pro
1652 2695 1827 2735 arbitrio
1860 2693 2093 2746 Principis,
2124 2693 2251 2733 modo

1375 2762 1527 2812 minor,
1562 2759 1690 2800 modo
1722 2759 1882 2810 major:
1910 2770 1990 2798 nec
2024 2758 2135 2797 enim
2161 2757 2251 2797 bini

1377 2829 1515 2874 erant,
1539 2828 1587 2862 ut
1612 2830 1754 2871 antea,
1773 2832 1854 2859 nec
1875 2819 2015 2872 annui,
2037 2820 2111 2859 sed
2132 2832 2250 2871 saepe

1379 2887 1616 2926 trimestres
1634 2898 1647 2933 3
1676 2883 1888 2923 interdum
1908 2883 2129 2932 menstrui,
2149 2895 2252 2923 non-

1379 2960 1593 3001 nunquam
1626 2946 1792 2987 diurni:
1825 2951 1872 2986 et
1906 2946 1986 2986 sub
2019 2945 2252 2986 Commodo

1379 3013 1585 3052 Consules
1604 3015 1671 3051 25.
1701 3022 1784 3050 uno
1804 3021 1914 3050 anno
1933 3007 2063 3048 fuisse
2083 3021 2109 3048 a
2129 3009 2251 3049 Lam-

1377 3075 1515 3127 pridio
1534 3074 1747 3114 memoriae
1780 3072 1997 3125 proditum
2027 3077 2110 3112 est.
2167 3081 2253 3112 vn.

1378 3140 1505 3179 Unde
1534 3139 1629 3178 haec
1660 3137 1842 3187 dignitas
1870 3135 2026 3176 sensim
2044 3135 2251 3174 vilescere

1376 3203 1525 3254 coepit,
1551 3202 1686 3241 donec
1706 3211 1818 3240 anno
1837 3196 1996 3239 Christi
2019 3199 2114 3238 641.
2167 3197 2251 3236 Ur-

1375 3265 1438 3305 bis
1451 3276 1553 3304 vero
1570 3266 1692 3303 1292.
1706 3274 1790 3315 quo
1806 3259 1990 3301 Basilius
1999 3259 2147 3311 junior
2159 3259 2250 3299 sine

1379 3328 1556 3378 Collega
1585 3325 1746 3366 Consul
1778 3321 2084 3376 ponitur;.mb
2115 3321 2253 3364 Justi-

1378 3391 1505 3431 niano
1525 3389 1754 3429 Consulum
1774 3386 1945 3427 nomina
1974 3385 2018 3426 in
2036 3384 2159 3426 fastis
2177 3396 2252 3424 no-

1379 3454 1460 3495 tari
1478 3453 1618 3493 desita
1637 3456 1750 3502 sunt,
1778 3451 1883 3491 licet
1910 3448 2100 3489 nonnulli
2119 3447 2250 3489 etiam

1378 3522 1529 3570 postea
1549 3516 1752 3558 Consules
1771 3519 2075 3557 memorentur.
2114 3512 2252 3564 Hujus
