2352 4022
367 278 471 330 128
886 290 1146 330 VALE-RH
1193 290 1432 327 MAXIMI
1480 292 1595 329 nis.
1639 293 1679 329 ι.
1748 312 1750 314 -

367 413 471 465 tivi
496 429 682 464 eorum
705 410 902 463 redditi
925 426 1036 462 non
1061 409 1257 472 forent,
1297 409 1369 461 ad
1396 426 1495 461 eos
1521 425 1580 461 se
1604 408 1940 462 rediturum.’
2012 411 2184 464 Potu-

367 500 523 548 erunt
540 497 792 563 profecto
821 495 918 546 Dii
944 494 1280 545 immortales
1308 493 1588 546 efferatam
1613 495 1866 561 mitigare
1887 495 2182 548 saevitiam:

365 585 613 631 ceterum
639 595 750 646 quo
771 579 965 629 clarior
990 583 1144 629 esset
1169 576 1329 630 Atilii
1354 579 1549 645 gloria,
1571 577 2047 646 Carthaginienses
2067 595 2185 631 mo—

366 665 520 716 ribus
541 665 656 716 suis
683 663 766 714 uti
792 663 953 730 passi
977 669 1134 727 sunt3
1161 663 1322 715 tertio
1348 663 1561 715 Punico
1586 664 1732 715 bello
1747 662 1769 692 ¹¹
1789 662 2189 734 religiosissimi

367 749 597 816 spiritus
623 754 738 799 tam
769 747 1063 799 crudeliter
1087 745 1318 811 vexati,i
1354 749 1508 800 urbis
1555 764 1748 800 eorum
1773 748 1998 800 interitu
2033 746 2187 815 justa

365 832 612 884 exacturi
634 831 905 898 piaculaf

435 916 522 966 15.
560 913 787 977 Quanto
847 919 1057 968 nostrae
1118 915 1365 969 civitatis
1430 920 1663 967 senatus
1715 914 2084 967 venerabilior
2127 913 2187 965 in

363 998 547 1050 Deos!
586 999 680 1067 qui
718 1005 845 1067 post
871 999 1215 1052 Cannensem
1258 999 1510 1053 clademss
1549 1000 1811 1062 decrevit,
1849 1002 1953 1051 ‘ne
1977 1003 2187 1051 matro-

362 1098 447 1134 nae
473 1081 615 1134 ultra
639 1083 975 1135 tricesimum
996 1081 1171 1136 diemj
1210 1084 1396 1136 luctus
1424 1099 1559 1136 suos
1585 1083 1985 1147 extenderent,’
2008 1082 2094 1135 uti
2114 1081 2186 1133 ab

363 1164 453 1216 his
479 1180 638 1217 sacra
666 1166 881 1218 Cereris
902 1168 1089 1235 peragi
1113 1173 1376 1235 possent:
1416 1169 1546 1235 quia
1564 1168 1774 1236 majore
1799 1184 1961 1237 paene
1978 1167 2187 1219 Roma·

363 1264 554 1301 narum
581 1246 601 1277 ¹⁴
634 1251 830 1302 virium
848 1248 891 1281 ⁶¹
930 1256 1086 1319 parte
1114 1251 1172 1302 in
1197 1251 1502 1303 execrabili
1528 1268 1595 1303 ac
1634 1251 1755 1304 diro
1782 1253 1906 1304 solo
1939 1251 2189 1320 jacente,

361 1332 564 1384 nullius
588 1339 822 1401 penates
846 1335 1100 1387 moeroris
1124 1340 1385 1403 expertes
1411 1342 1583 1387 erant.
1657 1335 1860 1404 Itaque
1884 1339 2092 1388 matres
2118 1349 2187 1386 ac

362 1416 512 1480 filiae,
540 1417 936 1486 coniugesque,
958 1423 1012 1470 et
1035 1435 1252 1471 sorores
1278 1436 1454 1489 nuper
1470 1420 1895 1483 interfectorum,
1920 1417 2188 1472 abstersis

360 1501 637 1570 lacrymiS‚
661 1501 1039 1571 depositisque
1060 1503 1269 1556 doloris
1292 1505 1617 1572 insignibus,
1639 1502 1937 1558 candidam
1957 1503 2186 1556 induere

364 1590 592 1650 vestem,
619 1590 674 1639 et
700 1589 810 1639 aris
834 1587 965 1640 dare
990 1588 1155 1642 thura
1179 1594 1396 1643 coactae
1420 1595 1564 1643 sunt.
1639 1589 1771 1654 Qua
1796 1589 2020 1658 quidem
2052 1604 2186 1641 con-

418 1761 438 1789 '2
473 1763 559 1804 Visi
584 1769 676 1803 sunt
698 1764 770 1804 Dii
797 1766 1027 1815 permittere
1043 1770 1087 1806 ut
1109 1766 1455 1817 Carthaginienses
1480 1767 1557 1807 sibi
1589 1768 1728 1808 innata
1756 1767 1992 1808 crudelitate
2019 1764 2190 1806 Atilium

364 1818 595 1867 lacerarent,
610 1823 655 1857 ut
673 1819 751 1869 ipsi
767 1819 841 1858 Dii
858 1824 1054 1859 sumerent
1072 1820 1260 1871 supplicia
1278 1821 1419 1860 merita
1438 1821 1483 1859 ob
1501 1822 1696 1871 Regulum
1719 1820 1849 1860 virum
1866 1820 2094 1872 religiosum
2107 1822 2189 1859 tam

362 1871 570 1910 crudeliter
587 1876 784 1923 vexatum,
810 1873 1002 1912 eversione
1018 1874 1174 1913 illorum
1190 1873 1367 1914 civitatis
1383 1875 1425 1914 in
1445 1876 1563 1915 tertio
1578 1875 1676 1914 bello
1691 1874 1855 1915 Punico.

1124 1978 1420 1994 OOOOOOO‘OOOO

365 2048 402 2084 1.
422 2047 463 2084 2.
482 2044 662 2084 Mediol.
683 2048 722 2085 1.
742 2049 780 2084 2.
801 2044 931 2086 Aldd.
949 2046 1086 2088 Colin.
1109 2053 1154 2088 et
1174 2049 1429 2100 Steph.-ffl
1457 2048 1526 2088 Sic
1542 2047 1813 2099 cumplurimi
1830 2045 1954 2087 codd.
1973 2058 2069 2086 cum
2084 2045 2186 2085 Vet.

361 2097 482 2149 Mog.
503 2098 679 2138 Venett.
699 2102 736 2138 1.
757 2102 798 2138 2.
818 2099 998 2139 Mediol.
1021 2104 1060 2140 1.
1079 2105 1119 2141 2.
1143 2102 1258 2153 Lips.
1278 2101 1407 2142 Aldd.
1425 2102 1562 2142 Colin.
1579 2102 1747 2153 Gryph.
1763 2107 1807 2140 et
1822 2100 1972 2151 Steph.
2005 2099 2188 2150 Pighius

356 2152 516 2191 cumin
537 2164 620 2191 uno
640 2157 684 2191 et
701 2153 838 2191 altero
858 2153 954 2192 cod.
980 2156 1230 2206 reperisset,
1261 2156 1524 2194 Romanorum
1550 2155 1737 2203 virorum,
1765 2155 1845 2194 hoc
1874 2152 2117 2203 substituit,
2143 2157 2190 2191 et

355 2216 458 2244 <eum
476 2205 612 2245 secuti
633 2211 733 2245 sunt
753 2207 892 2247 Coler.
921 2208 1051 2259 Thys.
1071 2209 1235 2261 Delph.
1266 2215 1313 2249 et
1331 2210 1565 2259 Minellius‚
1594 2207 1869 2260 improbante
1887 2205 2188 2247 Vorstio.-—62

1182 2313 1361 2356 NOTAE

354 2414 359 2419 ·
414 2404 434 2431 ¹¹
454 2405 586 2445 Tertio
624 2405 776 2446 Punico
811 2406 925 2458 bello]
956 2407 1062 2447 Cum
1094 2420 1118 2447 a
1143 2408 1235 2448 Sci-

361 2469 488 2521 pione
504 2470 725 2510 AEmiliano
743 2477 873 2523 capta
885 2478 930 2512 et
945 2473 1116 2512 incensa
1133 2474 1236 2513 Car-

362 2533 490 2582 thago
511 2537 594 2582 est,
615 2533 872 2586 penitusque
891 2535 1108 2575 subversa.

416 2594 543 2635 *Tam
567 2597 777 2637 crudeliter
793 2599 947 2650 vexati]
989 2600 1109 2640 Diris
1135 2613 1236 2641 sane

362 2659 584 2711 suppliciis
604 2661 817 2701 cruciatus
842 2668 908 2702 est
932 2663 1118 2703 Atilius:
1148 2665 1236 2716 pri-

359 2733 476 2761 mum
499 2721 686 2774 quidem,
704 2727 750 2762 et
779 2723 820 2762 id
855 2728 1020 2765 tantum
1049 2726 1135 2765 cibi
1163 2727 1237 2765 da-

361 2789 453 2824 tum
472 2790 552 2834 est,
580 2784 693 2824 unde
721 2786 851 2826 vitam
882 2800 997 2838 aegre
1025 2795 1238 2829 sustenta-

359 2855 453 2897 ret;
482 2853 526 2886 et
555 2847 762 2887 adductus
790 2850 979 2901 elephas,
999 2863 1024 2890 a
1043 2864 1125 2903 quo
1150 2858 1238 2892 ter-

362 2908 487 2959 ritus,
525 2921 606 2949 nec
636 2910 775 2950 animo
813 2924 893 2952 nec
925 2925 1106 2964 corpore
1136 2927 1236 2954 con-

361 2971 628 3023 quiesceret:
660 2978 750 3012 tum
781 2976 970 3025 praecisis
1002 2977 1235 3029 palpebris,

359 3045 416 3074 ne
435 3035 662 3075 connivere
691 3043 854 3087 posset,
884 3039 981 3077 solis
1017 3040 1145 3079 radiis
1163 3041 1237 3081 ob-

351 3096 496 3148 jectus
516 3102 607 3137 est:
636 3098 680 3137 in
713 3098 828 3140 dolio
847 3099 1030 3154 denique
1049 3102 1236 3143 inclusus

359 3160 541 3213 praefixo
580 3161 814 3213 claviculis,
862 3176 1037 3215 quorum
1081 3166 1238 3206 aculeis

358 3223 514 3263 misere
528 3224 744 3264 laceratus
770 3225 953 3267 interiit.
1009 3227 1118 3268 Haec
1146 3228 1238 3268 fere

361 3286 528 3326 Gellius
554 3292 599 3326 et
627 3287 833 3328 Zonaras.
890 3289 1020 3330 Quod
1049 3291 1121 3331 ubi
1155 3292 1239 3331 Ro-

357 3361 472 3389 mam
492 3350 666 3390 allatum
699 3356 782 3402 est,
801 3351 1028 3392 Poenorum
1048 3354 1237 3404 captivo-

360 3424 454 3451 rum
474 3412 725 3454 nobilissimi
745 3414 901 3467 quique
936 3414 1059 3454 Atilii
1090 3416 1235 3456 liberis

360 3475 498 3516 dediti
528 3480 643 3528 sunt,
662 3482 707 3517 et
738 3477 792 3518 ab
826 3479 877 3518 iis
905 3478 1016 3519 baud
1053 3479 1235 3520 absimili

1305 2409 1452 2449 mortis
1472 2420 1629 2461 genere
1647 2406 1884 2448 interemti.

1359 2478 1378 2520 ss
1399 2473 1483 2512 An.
1505 2474 1568 2513 M.
1583 2475 1706 2511 3838.
1741 2471 1816 2511 01.
1834 2472 1927 2510 141.
1942 2471 1981 2510 1.
2006 2467 2114 2508 Urb.
2137 2468 2185 2508 C.

1303 2539 1398 2575 537.
1419 2535 1524 2576 Ant.
1539 2535 1617 2575 Ch.
1635 2538 1729 2575 215.

1355 2596 1369 2632 ³
1392 2599 1646 2638 Tricesimum
1675 2597 1798 2649 diem]
1839 2595 1927 2636 Per
1943 2607 2097 2635 annum
2125 2595 2189 2635 lu-

1305 2675 1409 2715 gere
1428 2663 1556 2702 moris
1574 2667 1685 2702 erat.

1359 2724 1379 2753 ¹<
1404 2728 1560 2777 Majore
1590 2737 1702 2776 poene
1739 2720 2024 2772 Romanorum]
2068 2720 2185 2763 Qua-

1306 2790 1506 2841 draginta
1547 2789 1679 2829 millia
1724 2786 1918 2838 peditum
1960 2796 2073 2824 caesa
2122 2783 2186 2823 di-

1305 2858 1478 2901 cuntur,
1507 2852 1592 2892 tria
1630 2850 1723 2890 fere
1767 2848 1974 2901 equitum.
2029 2847 2083 2887 In
2119 2847 2187 2887 his

1306 2915 1533 2954 Consulum
1553 2915 1663 2954 alter
1690 2912 1882 2952 AEmilius
1902 2911 2082 2961 Paulus,
2103 2910 2187 2950 duo

1305 2976 1592 3027 praecedentis
1612 2975 1713 3015 anni
1746 2974 1967 3025 Consules,
1985 2974 2185 3015 Quaesto-

1305 3049 1376 3078 res
1406 3038 1507 3088 duo,
1548 3038 1699 3090 viginti
1735 3035 1913 3077 Tribuni
1961 3035 2187 3086 militares,

1306 3101 1559 3142 Consulares
1584 3101 1773 3154 quidam,
1805 3098 2002 3149 AEdilitii,
2018 3098 2187 3138 Praeto·

1304 3177 1455 3218 resque
1475 3165 1616 3216 multi,
1635 3164 1857 3216 octoginta
1875 3166 2091 3214 praeterea
2106 3161 2182 3200 Se-

1305 3236 1496 3283 natores,
1525 3234 1654 3281 capta
1685 3227 1879 3279 peditum
1915 3224 1999 3264 tria
2034 3223 2185 3275 millia,

1305 3294 1554 3345 equitesque
1586 3290 1786 3332 trecenti.
1843 3289 1897 3329 In
1922 3287 2005 3327 hoc
2035 3298 2184 3326 omnes

1305 3356 1577 3396 consentiunt
1600 3359 1824 3395 auctores:
1854 3351 1909 3392 de
1936 3350 2102 3391 annulis
2121 3350 2184 3390 in-

1304 3417 1384 3459 fra.
