2352 4022
344 351 351 367 ι
390 325 498 378 116

389 457 618 510 fecisset
639 454 682 522 3¹
717 471 896 523 eaque
922 470 980 507 re
1008 455 1078 506 ab
1101 453 1403 520 auguribus
1427 452 1499 505 ad
1529 456 1789 505 senatum
1814 451 2058 516 relata‚²3
2089 452 2214 522 jus·

391 556 459 592 su
482 540 601 608 ejus
629 539 692 592 C.
713 538 988 605 Figulusm
1026 552 1058 588 e
1085 534 1319 600 Gallia,¹²
1356 536 1548 604 Scipio
1585 536 1844 588 Nasica⁰
1879 554 1910 589 e
1945 537 2217 590 Corsica?

391 623 633 676 Romam
658 623 952 684 redierunt,
979 626 1036 671 et
1062 635 1121 671 se
1147 620 1443 672 consulatu
1467 621 1896 688 abdicaverunt.‡

459 710 512 760 4.
554 706 840 758 Consimili
873 706 1091 757 ratione
1137 703 1204 756 P.
1231 703 1475 756 Cloelius
1496 712 1516 743 ‘³
1555 706 1849 768 Siculus‚24
1887 705 1969 756 M.
1997 705 2210 758 Corne-

389 791 498 842 lius
525 790 833 857 Cethegus:
869 793 929 840 et
955 787 1021 841 C.
1051 787 1356 852 Claudius?
1393 793 1619 857 propter
1645 795 1781 842 exta
1805 788 2031 858 parum¹
2066 789 2209 842 curi·
2290 847 2298 854 ,

910 335 1168 375 VALERII
1212 333 1455 374 MAXIMI
1500 334 1619 373 LIB·
1659 334 1700 373 1.

1150 912 1447 933 oeoee'eeeeeoae

388 1001 440 1028 ex
452 986 650 1039 provincia
673 985 921 1025 Μίδεω-23
952 985 1088 1027 Codd.
1114 986 1240 1027 Harl.
1278 985 1369 1026 Bit.
1388 990 1428 1026 1.
1462 990 1508 1025 et
1539 985 1694 1036 Copes.
1727 985 1979 1025 ‹idaim—24
2010 980 2217 1023 Consimili

388 1041 540 1079 ratione
568 1043 656 1090 post
691 1040 744 1078 P.
771 1039 934 1079 Cloelius
962 1039 1006 1079 in
1041 1040 1140 1079 edd.
1173 1046 1280 1079 vett.
1306 1044 1395 1090 post
1427 1039 1589 1079 Cloelius
1614 1039 1657 1078 in
1689 1038 1786 1078 cod.
1819 1037 2077 1089 Bongarsii3
2104 1036 2217 1076 unde

389 1095 530 1133 Coler.
549 1093 663 1144 conj.
694 1092 897 1131 Consimili
912 1093 1065 1132 ratione
1081 1097 1216 1144 postea
1233 1093 1408 1132 Cloelius.
1454 1092 1607 1131 Heius.
1626 1095 1664 1130 1.
1684 1095 1725 1130 2.
1746 1090 1876 1130 Bai-b.
1896 1094 1935 1130 1.
1956 1094 1994 1130 2.
2017 1102 2112 1129 cum
2131 1101 2217 1128 nno

383 1147 507 1186 Leid.
529 1147 621 1185 haec
642 1147 702 1184 ita
723 1146 1023 1185 constituunt:
1055 1147 1106 1186 Ρ.
1130 1147 1277 1198 Celius,
1296 1147 1359 1186 M.
1384 1145 1593 1195 Corvinus,
1624 1144 1759 1184 Gneus
1780 1145 1991 1194 Cethegus,
2027 1143 2081 1183 G.
2101 1143 2220 1181 Clau·

386 1201 502 1247 dius;
531 1199 605 1238 sed
640 1198 760 1238 Leid.
798 1211 875 1250 pro
909 1199 1100 1238 Corvinus
1127 1199 1260 1238 habet
1293 1198 1524 1238 Cornelius.-
1552 1204 1738 1249 quatuor
1770 1197 1858 1248 alii,
1890 1196 2054 1236 Publius
2084 1197 2217 1236 Celius

386 1255 452 1292 M.
475 1253 679 1292 Cornelius
699 1253 908 1302 Cethegus,
940 1252 995 1292 G.
1015 1252 1217 1292 Claudius.
1248 1252 1388 1292 Bitur.
1409 1255 1449 1290 1.
1479 1252 1577 1290 Post
1601 1251 1735 1290 Cetius
1755 1251 1927 1298 Siculus,
1955 1251 2091 1289 Mesus
2121 1249 2218 1291 Cor-

387 1307 512 1348 nelius
533 1306 744 1357 Cethegus,
767 1306 821 1344 G.
842 1304 1051 1345 Glaudius.
1079 1305 1199 1346 Leid.
1225 1309 1262 1345 1.
1309 1305 1361 1344 Ρ.
1382 1303 1530 1354 Celius,
1563 1304 1627 1344 M.
1652 1303 1869 1355 Cornelius,
1901 1303 1982 1343 Gn.
2006 1302 2218 1353 Cethegus,

1211 1411 1388 1453 NOTAE

386 1507 450 1548 cis
485 1512 611 1548 erant
649 1506 817 1559 generis
854 1506 1027 1547 comitia
1067 1506 1263 1558 Tributa,

387 1571 579 1620 Curiata,
616 1575 661 1610 et
698 1568 975 1610 centuriata:
1023 1569 1067 1608 in
1107 1569 1262 1622 quibus

385 1633 582 1674 omnibus
602 1645 654 1673 ea
672 1632 755 1672 fuit
773 1632 920 1684 populi
937 1632 1186 1680 auctoritas,
1213 1637 1263 1672 ut

383 1695 496 1749 quod
517 1697 677 1748 plures,
703 1694 794 1734 sive
813 1694 965 1744 tribus,
993 1694 1083 1734 sive
1113 1694 1261 1745 curiae,

384 1760 474 1799 sive
511 1759 718 1799 centuriae
747 1757 991 1810 jussissent,
1027 1756 1073 1796 id
1120 1762 1263 1797 ratum

383 1822 632 1861 haberetur.

438 1882 458 1910 k
479 1882 776 1934 Consularibus]
796 1881 1049 1923 centuriata
1064 1886 1201 1931 erant,
1217 1881 1260 1921 in

384 1947 535 1998 quibus
555 1946 775 1995 Consules,
789 1945 1014 1994 Censores,
1027 1943 1264 1996 Praetores,

383 2008 686 2059 Proconsules,
714 2007 929 2047 interdum
949 2008 1091 2059 Reges
1123 2020 1263 2048 sacro-

383 2082 494 2122 rum,
518 2071 699 2111 Tribuni
717 2070 921 2109 militares
945 2070 1158 2109 consulari
1188 2082 1261 2121 po-

383 2139 560 2185 testate,
595 2141 642 2175 et
674 2133 924 2174 Decemviri
961 2133 1100 2173 creari
1133 2134 1262 2174 moris

385 2204 494 2239 erat.
551 2198 747 2238 Nominis
781 2209 833 2236 ea
866 2195 949 2236 fuit
984 2197 1112 2248 ratio,
1150 2202 1199 2237 ut
1227 2197 1263 2237 si

386 2260 584 2301 Consulis
614 2260 802 2312 eligendi
827 2271 956 2300 causa
975 2271 1261 2300 convocaren-

383 2329 471 2375 tur,
491 2325 768 2365 Consularia:
797 2323 832 2363 si
860 2322 1077 2373 Censoris,
1103 2323 1263 2363 Censo-

383 2388 474 2428 ria:
505 2388 542 2426 si
567 2386 788 2436 Praetoris,
820 2384 1037 2425 Praetoria
1065 2384 1261 2424 diceren-

383 2456 470 2490 tur.
524 2450 648 2490 Idem
668 2450 722 2489 de
743 2449 836 2489 aliis
852 2447 1181 2500 Magistratibus
1198 2447 1260 2487 in·

383 2513 555 2565 tellige:
584 2512 762 2553 fuerunt
779 2512 891 2553 enim
910 2511 1098 2552 Comitia
1113 2510 1261 2551 AEdili·

386 2576 463 2627 tia,
488 2576 750 2627 Tribunitia,
777 2580 823 2615 et
842 2573 1100 2617 Quaestoria.

440 2637 451 2665 ¹
481 2640 580 2685 Quae
597 2640 678 2691 ipse
699 2638 881 2689 fecisset]
909 2637 1009 2677 Fuit
1030 2635 1160 2687 illius,
1187 2635 1261 2688 qui

385 2706 478 2742 tum
511 2707 608 2742 erat
632 2702 805 2753 Consul,
831 2699 1018 2740 indicere
1050 2699 1261 2749 Comitia3

383 2763 538 2815 quibus
558 2770 647 2804 tum
668 2765 887 2815 Consules,
913 2768 1003 2802 tum
1023 2761 1098 2801 alii
1116 2773 1262 2801 omnes

385 2826 668 2878 Magistratus
687 2827 731 2865 in
751 2837 907 2865 annum
935 2828 1184 2876 sequentem
1203 2824 1262 2863 le-

386 2899 615 2946 gerentur:
645 2905 727 2932 nec
755 2893 869 2932 enim
894 2890 1082 2930 Praetori
1101 2890 1265 2930 Praeto-

377 2956 466 3007 ria,
508 2967 589 2996 nec
637 2954 814 2996 Censori
855 2952 1060 2994 Censoria
1102 2963 1263 3003 cogere

385 3018 556 3059 licebat.
612 3017 659 3059 Si
682 3017 806 3057 ambo
825 3015 1032 3056 Consules
1051 3019 1198 3054 essent
1216 3014 1262 3054 in

384 3084 507 3134 urbe,
534 3082 649 3122 inter
668 3093 714 3121 se
733 3080 1034 3125 sortiebantur,
1061 3082 1161 3116 uter
1190 3089 1261 3116 eo·

385 3157 480 3185 rum
511 3148 718 3197 praeesset
747 3142 945 3184 comitiis.
1012 3140 1059 3180 Si
1092 3139 1264 3179 abesset

384 3214 577 3260 uterque,
614 3207 748 3247 ducta
778 3210 892 3246 sorte
929 3203 1041 3243 alter
1075 3201 1261 3242 redibat.

385 3271 433 3311 Si
464 3283 566 3311 vero
595 3270 733 3310 nullus
766 3273 907 3309 esset:
938 3272 1028 3307 tum
1060 3265 1261 3305 Comitio-

384 3347 479 3374 rum
512 3346 644 3375 causa
680 3332 948 3384 Interregem
985 3327 1121 3370 creari
1152 3340 1259 3379 opus

384 3396 483 3437 fuit.

440 3467 470 3487 ¹¹²
490 3459 677 3511 Figulus]
698 3460 735 3499 E
754 3457 1010 3499 Martiorum
1029 3462 1157 3508 gente
1176 3466 1261 3495 non

387 3523 589 3574 patricia,
616 3523 691 3563 sed
725 3522 909 3574 plebeia.
964 3519 1067 3572 Ipse
1091 3519 1263 3560 Praetor

1330 1506 1375 1545 in
1408 1504 1520 1545 bello
1551 1501 1836 1544 Macedonico
1867 1500 1993 1541 classi
2025 1499 2220 1552 praefuit,

1330 1573 1376 1607 et
1412 1567 1568 1607 iterum
1607 1566 1766 1606 Consul
1803 1571 1954 1606 contra
1990 1565 2216 1605 Dalmatas

1329 1643 1420 1670 rem
1438 1631 1547 1671 bene
1568 1629 1713 1681 gessit.

1382 1699 1403 1720 ¹¹
1429 1694 1469 1733 E
1491 1692 1644 1744 Gallia]
1688 1690 1923 1743 Cisalpina,
1943 1701 2038 1743 quae
2059 1689 2104 1729 in
2125 1689 2216 1730 Cis-

1330 1757 1543 1810 padanam
1573 1761 1619 1796 et
1637 1753 1987 1806 Transpadanam
2005 1753 2134 1805 vulgo
2153 1752 2220 1792 di-

1331 1821 1417 1862 vidi
1442 1822 1568 1861 solet.

1382 1891 1402 1911 ⁰
1429 1884 1562 1936 Scipio
1582 1882 1754 1934 Nasica]
1782 1881 1795 1905 ‘
1813 1879 2070 1922 Corculum’
2090 1880 2217 1932 vulgo

1329 1951 1489 2002 dictus,
1516 1949 1580 1989 vir
1598 1948 1788 2000 ingenio,
1805 1945 2071 1999 eloquentia,
2088 1949 2135 1985 et
2147 1945 2220 1997 ju·

1329 2013 1389 2054 ris
1404 2011 1588 2053 scientia
1608 2010 2003 2063 praestantissimus.

1383 2081 1405 2109 Ρ
1427 2074 1606 2125 Corsica]
1632 2073 1782 2114 Insula
1800 2072 1912 2112 inter
1930 2083 2048 2111 mare
2069 2070 2219 2122 Ligus-

1331 2139 1464 2181 ticum
1481 2144 1527 2179 et
1538 2138 1823 2190 Tyrrhenum,
1837 2135 2017 2187 rupibus
2035 2139 2080 2174 et
2098 2145 2217 2174 mon-

1331 2204 1445 2245 tibus
1463 2216 1632 2257 aspera.
1691 2203 1822 2243 Nunc
1846 2202 1980 2240 Corne.

1385 2272 1404 2315 ss
1432 2266 1515 2308 An.
1542 2267 1606 2306 M.
1625 2268 1748 2306 3892.
1765 2264 1838 2305 Ol.
1859 2266 1954 2304 154.
1973 2265 2014 2303 3.
2033 2261 2144 2303 Urb.
2165 2262 2219 2303 C.

1330 2334 1427 2371 591.
1448 2330 1550 2370 Ant.
1571 2329 1650 2369 Ch.
1672 2331 1766 2367 161.

1383 2399 1404 2427 ‘1
1416 2392 1471 2432 P.
1484 2391 1666 2442 Cloelius]
1680 2389 1821 2430 Cloelii
1836 2387 2012 2441 patricii
2025 2387 2221 2438 fuerunt,

1330 2455 1446 2496 Alba
1479 2455 1642 2506 diruta,
1679 2454 1725 2493 in
1757 2452 1910 2492 urbem
1941 2451 1995 2491 ab
2027 2449 2218 2490 Hostilio

1333 2519 1452 2568 Rege
1473 2517 1695 2566 translati;
1726 2528 1831 2568 quos
1851 2526 2002 2555 nomen
2022 2526 2047 2554 a
2066 2513 2219 2553 Cloelio

1331 2580 1478 2620 AEneae
1499 2579 1657 2620 comite
1677 2579 1860 2619 traxisse
1882 2582 2033 2617 auctor
2050 2580 2118 2615 est
2138 2575 2220 2615 Di-

1329 2643 1517 2695 onysius.
1572 2644 1682 2682 Tres
1715 2645 1955 2694 quatuorve
1988 2638 2112 2691 hujus
2141 2650 2223 2678 no-

1327 2706 1452 2745 minis
1491 2706 1696 2746 Consules
1732 2708 2039 2743 memorantur.
2106 2701 2216 2743 Quis

1328 2768 1399 2808 hic
1419 2768 1569 2818 fuerit,
1590 2768 1825 2807 incertum:
1853 2765 1890 2805 is
1909 2763 2026 2804 forte
2041 2763 2112 2816 qui
2129 2763 2223 2802 Tri·

1330 2831 1467 2871 bunus
1483 2830 1684 2871 militaris
1705 2841 1816 2869 anno
1830 2827 1940 2868 Urb.
1955 2830 2051 2867 3⁷6.
2069 2824 2219 2878 ap'pel·

1327 2894 1439 2933 latur
1458 2906 1483 2933 a
1502 2894 1637 2933 Livio.

1381 2960 1398 2982 ¹
1425 2957 1488 2996 M.
1524 2955 1728 2996 Cornelius
1764 2952 1979 3004 Cethegus]
2021 2952 2059 2992 E
2088 2955 2218 3003 gente

1331 3019 1532 3059 Cornelia
1549 3032 1559 3058 :
1581 3018 1708 3070 hujus
1728 3016 1904 3058 familiae
1924 3015 1993 3055 bic
2014 3013 2218 3066 princeps

1330 3079 1428 3121 fuit.

1383 3149 1399 3168 ⁸
1439 3142 1647 3196 Claudius]
1687 3141 1867 3194 Duplex
1916 3139 2065 3179 Romae
2109 3148 2216 3189 gens

1331 3204 1606 3247 Claudiorum
1624 3204 1723 3256 fuit,
1754 3205 1891 3244 altera
1922 3199 2123 3253 patricia,
2157 3200 2218 3239 al-

1330 3272 1425 3308 tera
1456 3267 1642 3320 plebeia,
1676 3271 1862 3318 utraque
1891 3261 2065 3302 nobilis.
2132 3261 2218 3301 Ille

1330 3331 1473 3381 Caius,
1504 3329 1695 3382 quisquis
1729 3333 1810 3373 est,
1840 3337 1950 3366 anno
1984 3322 2093 3364 Urb.
2119 3326 2215 3363 545.

1330 3394 1505 3432 Flamen
1526 3391 1667 3431 Dialis
1689 3396 1798 3431 erat.

1326 3492 1328 3495 .
1381 3456 1395 3481 ¹
1421 3456 1533 3495 Exta
1562 3466 1717 3506 parum,
1745 3452 1834 3505 &cd
1874 3451 1998 3492 Caesa
2023 3448 2213 3499 victima,

1331 3517 1570 3559 sacerdotis
1590 3520 1685 3557 erat
1706 3521 1810 3557 exta
1837 3514 2019 3567 primum
2037 3511 2215 3563 diligen-
