2352 4022
377 319 485 374 298
884 334 1147 375 VALERu
1192 331 1430 372 MAX1M1
1473 335 1589 376 mn.
1629 335 1693 376 11.

378 457 488 505 tem
501 450 542 484 ⁶¹
579 452 824 513 fecisset,
849 451 1216 504 conditionem
1239 453 1476 519 sprevit3
1496 449 1514 481 f
1545 470 1773 518 memor,
1811 459 2020 510 tantam
2057 460 2196 514 mul·

378 537 669 590 titudinem
695 541 1032 588 armatorum
1061 534 1348 602 juvenum,
1376 537 1426 588 si
1450 536 1679 589 honeste
1707 539 1847 591 mori
1873 541 2195 607 voluissent,

379 620 610 688 turpiter
635 620 763 686 capi
785 634 893 669 non
912 619 1203 685 potuisse*
1277 618 1532 683 Quorum
1567 623 1754 674 nescio
1794 629 1972 676 utrum
2014 627 2199 695 majus

379 705 622 757 dedecus
651 702 831 765 suerit,
872 702 1023 770 quod
1061 703 1244 770 patria
1270 703 1460 771 spei,⁶²
1499 721 1572 757 an
1619 706 1768 772 quod
1813 706 1994 761 hostis
2019 716 2199 762 metus

377 789 513 840 nihil
534 789 589 838 in
614 787 702 837 his
728 787 1063 854 reposuerit:
1100 787 1223 839 haec
1263 805 1363 855 pro
1402 805 1479 851 se,
1521 789 1614 840 ille
1640 806 1710 841 ne
1733 788 2002 845 adversus
2027 809 2090 845 se
2116 794 2202 846 di-

381 873 663 933 micarent,
704 871 867 937 parvi
906 871 1237 939 pendendo!
1310 872 1423 924 Sed
1457 889 1583 925 cum
1629 874 1930 942 aliquoties
1977 865 2204 929 senatus

380 972 484 1023 pro
511 955 738 1007 militari
762 955 1060 1023 disciplina
1087 973 1277 1009 severe
1315 959 1660 1022 excubuerit,
1681 958 1723 997 ⁶³
1763 962 1953 1012 nescio
1979 977 2052 1012 an
2088 966 2205 1014 tum

381 1039 687 1107 praecipue,
717 1055 844 1091 cum
870 1041 1092 1104 militeS,
1121 1043 1216 1109 qui
1243 1042 1513 1109 Rhegium
1532 1050 1553 1080 g
1587 1044 1797 1112 injusto
1823 1043 2000 1097 bello¹¹
2037 1061 2206 1098 occu-

380 1127 667 1190 paverant,
709 1132 1037 1192 mortuoque
1083 1125 1225 1178 duce
1268 1126 1519 1179 Jubellio
1563 1128 1647 1181 M.
1682 1128 1929 1182 Caesium
1971 1130 2207 1183 scribam

382 1208 504 1276 ejus
532 1225 634 1260 sua
674 1214 876 1276 sponte
915 1210 1301 1278 imperatorem
1339 1210 1671 1278 delegerant,
1711 1229 1932 1266 carcere
1946 1211 1995 1252 ⁶4
2029 1213 2208 1266 inclu-

437 1383 450 1407 ⁸
479 1381 655 1423 Dubium
673 1388 732 1423 est
750 1397 801 1424 an
820 1384 978 1424 illorum
995 1384 1117 1434 major
1122 1383 1255 1433 fuerit
1272 1386 1454 1436 infamia,
1473 1388 1574 1437 quod
1592 1387 1717 1427 hostis
1733 1387 1823 1427 illos
1840 1400 1916 1428 non
1943 1389 2143 1441 timuerit,
2158 1402 2211 1430 an

383 1437 484 1488 quod
500 1437 633 1488 putria
651 1451 726 1477 non
744 1439 962 1488 speraverit
983 1439 1030 1478 ab
1051 1440 1102 1477 iis
1117 1451 1159 1477 se
1186 1452 1298 1490 posse
1327 1441 1511 1489 defendi3
1546 1442 1640 1481 dum
1657 1442 1741 1481 hoec
1759 1454 1836 1482 non
1854 1447 1984 1494 curat,
2003 1448 2047 1484 ut
2080 1456 2153 1495 pro
2171 1456 2212 1484 se

382 1494 577 1542 pugnent,
593 1496 630 1531 et
648 1492 713 1532 ille
732 1505 806 1532 non
825 1492 965 1532 metuit
983 1505 1032 1532 ne
1048 1496 1184 1531 contra
1203 1505 1244 1532 se
1261 1494 1462 1534 dimicent.

1149 1607 1451 1624 OO‘WNJ‘

386 1688 702 1739 quiescunt.—6l
735 1690 938 1743 Quinque
958 1690 1029 1730 alii
1047 1691 1224 1730 Torren.
1244 1689 1460 1730 redimendi
1479 1695 1705 1741 potestatem
1717 1704 1732 1738 ,·
1761 1695 1807 1731 et
1823 1703 1920 1731 mox
1940 1691 2136 1744 voluisset,
2167 1698 2216 1733 nt

387 1743 430 1781 in
453 1743 556 1783 Vet.
612 1744 772 1784 Eadem
796 1745 923 1795 paulo
943 1749 1056 1788 ante,
1083 1756 1155 1783 sex
1172 1743 1311 1782 millia.
1370 1744 1514 1783 Livius
1541 1750 1586 1784 et
1607 1744 1758 1784 Cicero
1790 1749 1874 1785 octo
1901 1745 2215 1787 scribunt.—-62

386 1796 487 1835 Vet.
504 1797 650 1848 patrioe
666 1798 768 1838 nihil
783 1799 881 1849 spei.
935 1797 1108 1838 Deinde
1130 1797 1325 1837 Perizon.
1355 1797 1462 1846 legit
1479 1798 1562 1837 hoec
1580 1802 1621 1837 ut
1639 1811 1711 1848 pro
1727 1811 1782 1839 se.
1836 1799 1943 1838 Mox
1975 1800 2216 1851 complures

388 1849 513 1890 codd.
533 1862 630 1889 cum
651 1852 750 1891 Vet.
770 1855 816 1890 et
836 1852 954 1902 Mog.
975 1852 1145 1890 ducendo
1167 1862 1243 1901 pro
1260 1852 1580 1901 pendenda—63
1610 1851 1680 1891 Ita
1701 1864 1867 1904 quoque
1887 1853 1985 1892 Vet.
2008 1863 2104 1892 cum
2125 1854 2219 1903 plu·

388 1903 505 1942 ribus
526 1903 632 1943 Mss.
653 1905 911 1956 Pighianum
935 1917 975 1944 se
1006 1916 1180 1944 severum
1211 1904 1433 1943 exhibuerit
1462 1904 1632 1944 videtur
1665 1906 1804 1957 glossa
1835 1917 1944 1945 esse.
2000 1906 2063 1945 Ut
2082 1905 2219 1947 edidit

389 1956 567 2007 Pighius
598 1958 761 1998 habent
792 1958 951 2008 Ultraj.
981 1961 1021 1998 2.
1066 1964 1111 1997 et
1152 1958 1276 2007 Mog.
1330 1957 1437 1997 Mox
1469 1958 1660 1997 nonnulli
1694 1959 1870 1999 Torren.
1909 1971 1986 2010 pro
2018 1959 2218 2009 Rhegium

385 2008 549 2050 habent
569 2011 779 2060 Regulum.
834 2011 1006 2052 Deinde
1040 2023 1119 2063 pro
1150 2011 1261 2060 duce,
1290 2010 1490 2052 Perizon.
1520 2012 1632 2063 conj.
1654 2013 1845 2058 Decium,-
1873 2012 1990 2062 Epit.
2013 2012 2110 2052 Liv.
2130 2022 2218 2054 xu-

387 2063 536 2111 habet‚
559 2065 694 2106 Decio.
750 2066 836 2105 Pro
853 2064 1025 2105 Jubellio
1050 2065 1171 2103 Harl.
1193 2063 1325 2104 Barb.
1347 2068 1386 2104 1.
1407 2071 1451 2105 et
1472 2064 1594 2104 Leid.
1613 2069 1652 2104 7.
1671 2065 1871 2113 Budeli03
1899 2065 2021 2106 Leid.
2038 2065 2086 2106 5.
2107 2078 2133 2106 a
2161 2079 2218 2106 m.

389 2129 477 2158 sec.
498 2117 705 2165 Bubeium
736 2117 887 2159 Leidd.
909 2122 949 2159 2.
970 2122 1010 2158 6.
1032 2123 1077 2157 et
1095 2118 1205 2158 Tou.
1226 2118 1390 2158 Bubilio
1402 2132 1417 2165 ‚·
1434 2119 1534 2158 Vet.
1555 2119 1760 2165 Bubillio‚·
1789 2119 1948 2170 Ultraj.
1970 2123 2008 2158 1.
2028 2119 2221 2166 Eunaia,-

390 2172 547 2222 Copes.
569 2172 756 2220 Bidellio,
784 2173 897 2225 quod
917 2173 1032 2212 delet
1049 2173 1177 2212 Voss.
1234 2172 1400 2211 Bubelio
1420 2172 1462 2211 in
1484 2172 1584 2212 edd.
1601 2178 1703 2212 ante
1721 2172 2047 2222 Pighium.—64
2075 2174 2220 2214 Bitur.

391 2228 431 2263 1.
451 2225 572 2264 Leid.
594 2230 634 2266 5.
656 2233 701 2265 et
718 2227 874 2278 Copes.
894 2227 936 2266 in
955 2238 1134 2271 carcere,·
1162 2224 1236 2264 sed
1258 2225 1299 2263 in
1319 2232 1585 2276 expunctum
1618 2231 1685 2265 est
1716 2226 1760 2265 in
1788 2226 1912 2266 Leid.
1930 2231 1972 2266 5.
2003 2232 2050 2267 et
2068 2227 2224 2278 copes.

389 2278 433 2316 in
451 2291 644 2319 carcerem
665 2280 786 2320 Leid.
808 2284 848 2319 6.
885 2281 974 2327 alii,
1002 2279 1148 2318 carceri
1166 2278 1341 2328 inclusit,
1369 2279 1645 2331 improbante
1663 2280 1855 2319 Vorstio.
1910 2280 2034 2332 Mox,
2060 2293 2108 2320 uc
2135 2282 2224 2320 inde

392 2331 535 2371 Fulvio
554 2334 595 2372 in
616 2334 719 2374 Vet.
749 2347 795 2373 ac
812 2335 904 2373 inde
927 2333 1047 2373 Furio
1069 2333 1211 2372 Bitur.
1233 2336 1273 2373 1.
1304 2345 1351 2371 ac
1370 2333 1433 2372 M.
1453 2334 1578 2373 Furio
1596 2334 1640 2372 in
1665 2333 1816 2374 decem
1833 2334 2010 2374 Torren.
2045 2339 2092 2373 et
2120 2333 2222 2373 edd.

393 2390 495 2425 ante
518 2386 748 2439 Pighium3
773 2388 934 2427 subinde
951 2387 1074 2427 Furio
1102 2387 1146 2426 in
1166 2386 1322 2437 Ultraj.
1343 2389 1381 2427 1.
1435 2387 1540 2427 Tres
1567 2387 1743 2428 'ror-ren.
1773 2391 1911 2428 contra
1940 2399 2107 2428 morem.-
2135 2387 2222 2428 duo

1218 2491 1396 2532 NOTAE

447 2574 467 2600 f
492 2576 763 2615 Condicionem
778 2573 944 2627 sprevit]
973 2573 1126 2614 Victor
1143 2571 1278 2612 Anni-

395 2640 466 2680 bal
484 2639 525 2678 in
548 2639 716 2689 singula
736 2638 878 2689 capita
909 2638 1093 2689 pretium
1116 2641 1279 2676 statue-

1347 2572 1453 2623 dati‚
1480 2573 1600 2614 multi
1630 2573 1754 2614 inter.
1776 2585 1822 2613 se
1848 2573 2055 2614 dimicare
2075 2574 2228 2615 coacti.

1345 2637 1419 2678 lta
1436 2637 1593 2688 Polyb.
1614 2638 1779 2689 Livius,
1797 2637 2002 2687 Zonaras,
2021 2642 2068 2678 et
2085 2637 2172 2678 alii.

395 2709 482 2751 rat,
510 2701 647 2754 equiti
678 2702 935 2754 quingentos
967 2711 1175 2750 nummOS,
1202 2699 1278 2739 tri-

397 2776 527 2805 cenos
547 2764 700 2816 pediti,
731 2776 856 2804 servo
889 2763 1117 2803 terdenos:
1147 2773 1280 2814 quare

398 2829 563 2881 captivi
594 2829 757 2881 legatos
786 2841 882 2869 cum
911 2826 1116 2868 Carthalo
1136 2825 1282 2866 Nobili

397 2894 537 2934 Poeno
557 2893 739 2933 Romam
764 2892 998 2941 miserunt3
1027 2897 1072 2930 at
1103 2891 1281 2931 Cartha-

398 2958 485 2998 loni
504 2958 633 2997 lictor
654 2957 772 2996 venit
794 2957 980 3006 obviam,
1010 2955 1081 3008 qui
1100 2956 1282 2995 Senatus

399 3021 571 3062 nomine
607 3020 846 3069 nuntiaret,
886 3025 936 3059 ut
974 3023 1074 3058 ante
1113 3024 1283 3061 noctem

401 3084 639 3125 excederet
664 3082 866 3123 Romanis
888 3081 1041 3121 finibus
1060 3093 1072 3120 z
1103 3093 1127 3120 e
1148 3081 1284 3132 capti-

401 3150 466 3189 vis
488 3162 607 3200 vero,
636 3150 709 3201 qui
731 3148 844 3200 apud
865 3161 961 3188 suos
979 3158 1154 3186 manere
1172 3147 1287 3186 vole-

402 3214 526 3263 bant,
553 3212 606 3252 ad
627 3211 886 3252 Annibalem
914 3209 1105 3258 remissi3
1133 3209 1205 3261 qui
1223 3207 1287 3248 fu-

405 3289 460 3328 ga
492 3276 573 3316 sibi
605 3276 926 3323 consuluerant,
956 3273 1023 3312 vel
1054 3270 1232 3311 infamia
1265 3284 1290 3311 a

406 3338 670 3379 Censoribus
703 3337 857 3386 notati,
889 3337 957 3376 vel
990 3334 1123 3374 variis
1157 3334 1289 3374 etiam

405 3401 626 3452 suppliciis
648 3398 821 3440 affecti:
851 3400 924 3452 qui
955 3397 1068 3451 apud
1099 3397 1290 3438 Anniba-

406 3463 491 3502 lem
524 3468 664 3513 erant,
690 3462 942 3502 nobilissimi
985 3461 1141 3515 quique
1172 3460 1289 3501 missi

411 3528 729 3579 Carthaginem,
750 3527 821 3567 alii
835 3526 983 3579 occisi,
1002 3538 1102 3579 pars
1117 3538 1290 3567 venum-

1400 2706 1420 2750 ς
1449 2699 1531 2738 An.
1552 2699 1616 2739 M.
1637 2703 1761 2741 3838.
1803 2699 1876 2740 01.
1909 2701 2004 2741 141.
2033 2703 2072 2745 1.
2117 2700 2226 2743 Urb.

1349 2763 1397 2804 C.
1417 2766 1512 2803 537.
1557 2762 1661 2804 Ant.
1679 2763 1728 2806 C.
1745 2766 1842 2804 215.

1403 2833 1423 2861 g
1451 2826 1671 2878 Rhegium]
1714 2827 1767 2867 In
1802 2826 1967 2867 Brutiis
2017 2826 2071 2867 ad
2111 2838 2227 2868 oram

1350 2890 1453 2930 freti
1468 2889 1615 2942 Siculi,
1645 2903 1700 2930 ex
1719 2890 1900 2930 adverso
1919 2890 2134 2931 Messanae
2161 2901 2231 2930 ur·

1350 2953 1433 2994 bis.
1487 2953 1616 2992 Nunc
1639 2953 1780 3003 Regio.

1405 3015 1426 3042 ¹¹
1454 3017 1606 3066 Injusto
1642 3015 1754 3067 bello]
1783 3015 1893 3056 Rem
1931 3020 1977 3056 et
2013 3014 2148 3056 fusius
2187 3020 2233 3056 et

1355 3079 1509 3121 clarius
1543 3079 1750 3130 Polybius
1782 3083 1942 3119 narrat.
1997 3078 2101 3120 Quo·
2126 3082 2233 3118 tem·

1356 3156 1458 3197 pore
1482 3145 1677 3197 Pyrrhus
1695 3144 1937 3183 Tarentinis
1969 3143 2088 3182 veuit
2114 3142 2234 3182 auxi-

1356 3211 1430 3256 lio,
1461 3209 1638 3261 Rhegini
1676 3207 1762 3248 suis
1800 3205 1922 3247 diffisi
1953 3205 2115 3246 viribus
2147 3206 2233 3246 Ro·

1356 3285 1504 3313 manos
1521 3276 1704 3312 evocant
1718 3283 1730 3319 ;
1750 3270 1822 3322 qui
1834 3268 1889 3308 ad
1903 3273 2088 3321 quatuor
2102 3268 2236 3308 millia

1358 3337 1506 3376 urbem
1518 3334 1698 3386 ingressi
1714 3333 1823 3372 duce
1842 3331 1982 3372 Decio
1998 3331 2235 3383 Campano,

1358 3398 1576 3450 aliquanto
1595 3401 1695 3448 post
1709 3395 1888 3446 civibus,
1909 3394 2068 3446 partim
2087 3394 2236 3445 exilio,

1358 3461 1511 3514 partim
1540 3465 1679 3500 morte
1702 3458 1937 3509 mulctatis,
1963 3457 2113 3499 urbem
2133 3457 2235 3498 reti-

1358 3528 1484 3566 nent:
1514 3523 1713 3576 quodque
1742 3521 1922 3562 Romani
1944 3521 2070 3567 variis
2086 3524 2235 3562 essent
