2352 4022
560 313 677 351 [ΑΒ.
707 312 775 351 11.
818 286 954 350 cA'P.
984 311 1024 349 1.
1066 309 1145 348 ns
1186 307 1550 348 MA'rmMoN.
1590 307 1761 347 mro.
1965 296 2072 350 231

317 431 368 483 l.
411 430 578 500 Apud
606 433 859 501 antiquos
878 438 899 461 ⁸
933 447 1042 484 non
1068 431 1243 483 solum
1271 430 1519 498 publice,
1564 428 1662 481 sed
1688 427 1856 480 etiarn
1880 428 2065 496 priva-

245 516 346 568 tim
370 516 507 568 nihil
534 518 841 584 gerebatur,
868 516 976 568 nisi
1003 516 1257 583 auspicio
1281 516 1434 583 prius
1454 519 1665 568 sumto:
1693 530 1807 582 quo
1827 529 1900 566 ex
1924 529 2074 565 more

246 601 461 669 nuptiis
479 602 647 654 etiam
670 607 853 653 nunc4
873 601 1141 668 auspices
1157 598 1177 629 b
1203 601 1642 669 interponuntur.
1719 598 1855 664 Qui,
1879 616 2075 668 quam-

246 686 334 739 vis
361 687 618 755 auspicia
656 690 839 755 petere
881 686 1160 749 desierint,
1203 686 1327 754 ipso
1369 691 1558 738 tamen
1606 685 1825 738 nomine
1868 685 2074 738 veteris

248 770 665 822 consuetudinis
681 777 699 798 ⁰
737 771 976 837 vestigia
998 771 1308 838 usurpant!
1324 775 1343 808 5

319 856 374 909 2.
415 856 682 908 Foeminae
709 871 836 907 cum
852 855 987 907 viris
1007 854 1028 885 ‘¹
1052 855 1380 907 cubantibus
1408 854 1656 908 sedentes
1684 854 2026 908 coenitabant
2042 859 2076 904 :⁶

304 1026 321 1052 ⁶
350 1027 538 1067 Retinent
557 1033 685 1068 tamen
703 1028 848 1068 indicia
866 1026 1001 1079 aliqua
1019 1024 1191 1076 antiquae
1206 1025 1494 1065 consuetudinis
1523 1026 1566 1065 in
1595 1026 1678 1078 ipso
1709 1025 1861 1066 nomine
1893 1024 2076 1077 auspicis,

249 1082 348 1132 quod
363 1082 488 1121 adhuc
504 1087 697 1122 servatur.

1013 1145 1083 1162 ‘ee
1087 1145 1231 1160 “Off“
1234 1145 1307 1160 m

244 1227 392 1268 stilum.
449 1229 555 1269 Mox
574 1229 619 1270 J.
641 1231 713 1270 Fr.
735 1229 977 1270 Gronovius
996 1229 1103 1280 legit
1120 1243 1130 1269 ε
1160 1241 1236 1281 qua
1253 1233 1398 1268 nostroe
1415 1227 1540 1279 urbis,
1556 1240 1631 1280 qua
1649 1232 1864 1268 ceterarum
1877 1227 2076 1278 gentium:

248 1280 408 1334 Ultraj.
431 1286 469 1322 1.
492 1288 536 1322 et
555 1283 674 1324 Leid.
695 1288 735 1324 6.
756 1284 958 1324 exhibent
986 1287 1157 1334 qum—3
1191 1284 1298 1334 Opus
1329 1287 1386 1322 est
1418 1294 1564 1322 omnes
1583 1283 1836 1322 Torreniaui
1867 1295 1963 1323 cum
1979 1283 2080 1322 Vet.

247 1334 367 1387 Mog.
383 1335 562 1377 Venett.
581 1341 619 1377 1.
641 1342 679 1377 2.
700 1342 740 1378 3.
758 1341 798 1378 4.
818 1343 858 1377 5.
880 1337 1059 1377 Mediol.
1081 1341 1119 1377 1.
1141 1341 1180 1376 2.
1212 1343 1258 1377 et
1277 1335 1407 1376 Aldd.
1451 1338 1593 1387 Operoe
1623 1341 1680 1376 est
1715 1348 1770 1375 ex
1802 1341 1951 1376 vetere
1983 1336 2079 1375 cod.

249 1389 386 1430 edidit
416 1390 609 1442 Pighius.
667 1392 773 1431 Mox
803 1404 882 1443 pro
914 1391 1084 1441 Ιιιῄυεοε,
1113 1390 1225 1441 quod
1259 1390 1385 1430 codd.
1406 1391 1531 1441 longe
1563 1391 1747 1430 maxima
1777 1402 1875 1442 pars
1907 1395 1953 1430 et
1978 1389 2079 1430 edd.

248 1449 359 1483 vett.
379 1443 551 1494 habent,
577 1444 714 1494 hujus:
745 1445 899 1497 Copes.
922 1445 1073 1483 Heius.
1097 1448 1136 1484 1.
1158 1447 1198 1484 2.
1220 1445 1364 1484 Bitur.
1387 1447 1424 1482 1.
1457 1450 1503 1483 et
1530 1443 1693 1483 Medic.
1726 1447 1767 1483 2.
1805 1443 2079 1492 huiuscemodi.

248 1494 413 1536 Postea
431 1497 558 1537 codd.
576 1499 654 1537 boc
675 1498 826 1538 ordine
843 1512 853 1539 ι
883 1502 1077 1549 respectus
1095 1497 1247 1548 aliquid
1263 1497 1547 1548 proesentibus:
1573 1497 1614 1536 in
1634 1509 1720 1536 uno
1742 1497 1891 1536 Rhem.
1910 1496 2053 1547 uliquis
2065 1509 2080 1542 ‚-

247 1549 290 1588 in
312 1562 392 1590 nno
414 1551 571 1603 Ultraj.
591 1552 842 1603 aliquem—4
860 1551 932 1591 Sic
954 1551 1145 1591 restituit
1163 1552 1392 1591 Torrenius
1411 1563 1465 1590 ex
1485 1550 1658 1602 scriptis
1688 1556 1735 1590 et
1759 1551 1975 1602 impressis
2000 1562 2079 1601 pro

247 1603 476 1658 etiamnum,
502 1606 616 1658 quod
636 1605 817 1646 dederat
836 1606 1111 1658 Pighius.—5
1144 1604 1195 1644 In
1225 1604 1467 1658 quindecim
1495 1605 1673 1645 Torren.
1708 1616 1804 1644 cum
1820 1604 1923 1645 Vet.
1956 1605 2078 1655 Mog.

1078 1726 1256 1768 NOTAE

301 1811 322 1833 ⁸
338 1805 458 1859 Apud
473 1808 666 1861 antiquos,
681 1810 769 1863 asa]
791 1810 899 1850 Cum
919 1809 1002 1851 alia
1019 1809 1125 1850 mul-

249 1875 311 1922 ta,
328 1883 423 1923 quae
444 1873 496 1912 ad
509 1874 697 1914 Deorum
717 1876 876 1915 cultum
892 1875 1126 1927 pertinent,

249 1939 341 1974 tum
379 1935 527 1976 etiam·
546 1937 616 1977 ille
652 1938 759 1977 nihil
795 1939 887 1978 sine
926 1937 1127 1989 auspiciis

249 1997 403 2048 agendi
423 1999 532 2039 ritus
550 2011 575 2039 a
594 2001 737 2041 Numa
754 2001 970 2053 Pompilio
989 2012 1130 2040 mana-

250 2060 328 2110 vit,
363 2062 453 2115 qui,
495 2068 544 2103 ut
581 2064 731 2116 populi
770 2065 851 2104 sibi
891 2064 1131 2104 devinciret

249 2124 427 2174 animos,
466 2127 608 2166 multis
646 2128 904 2168 caerimoniis
933 2128 1129 2180 illigavit,

251 2193 302 2228 ut
321 2188 452 2229 tradit
470 2190 632 2229 Livius.

303 2251 326 2279 δ
342 2253 508 2304 Nuptiis
526 2254 646 2294 etiam
662 2266 763 2294 nunc
781 2254 972 2307 auspices]
1002 2254 1130 2296 Quod

250 2321 297 2357 et
313 2316 494 2356 Plautus
514 2323 560 2357 et
578 2318 731 2372 Cicero
759 2318 1041 2359 confirmant:
1069 2318 1130 2357 ita

250 2381 325 2421 ille
354 2380 399 2420 in
430 2381 618 2433 Prologo
638 2382 827 2422 Casinae:
859 2382 872 2404 ‘
893 2383 1019 2422 Ultro
1049 2382 1130 2421 ibit

248 2450 445 2497 nuptum,
470 2457 554 2484 non
582 2446 773 2485 manebit
793 2445 1017 2497 auspices!
1071 2446 1130 2485 Et

250 2508 404 2550 Cicero
431 2521 509 2560 pro
529 2509 750 2549 Cluentio:
781 2509 794 2531 ‘
817 2509 954 2549 Nubit
973 2520 1130 2560 genero

250 2581 418 2622 socrus,
443 2571 570 2611 nullis
593 2572 851 2624 auspicibus,
879 2573 1005 2612 nullis
1032 2585 1130 2614 aue-

251 2635 435 2682 toribus,
462 2633 643 2676 funestis
662 2635 903 2676 ominibus!

302 2704 320 2726 ⁶
346 2700 499 2740 Veteris
515 2700 821 2751 consuetudinis]
862 2699 942 2739 His
971 2699 1132 2752 Auspi-

249 2762 328 2804 ciis
365 2764 610 2804 Pilumnum
645 2771 689 2803 et
724 2763 978 2802 Picumnum
1012 2764 1129 2803 Deos

249 2827 350 2866 olim
387 2826 617 2879 deputatos
655 2826 804 2866 scribit
839 2838 893 2866 ex
931 2826 1129 2866 Varrone

250 2889 418 2929 Nonius
433 2890 667 2930 Marcellus
685 2904 695 2929 z
726 2889 798 2941 qui
819 2901 921 2929 vero
942 2889 996 2928 ad
1018 2890 1129 2929 hunc

251 2951 379 2991 ritum
399 2952 594 2992 adhiberi
622 2952 838 3002 solebant,
867 2953 938 2991 vel
968 2953 1133 2992 Proxe-

251 3022 383 3065 netae,
398 3015 480 3055 hoc
500 3020 583 3066 est,
601 3016 799 3067 pronubi,
815 3017 883 3056 vel
898 3016 1132 3070 Paranym-

250 3077 323 3130 pbi
343 3077 612 3118 dicebantur.

304 3138 324 3166 ‘¹
343 3141 530 3181 Foeminoe
547 3153 633 3180 cum
652 3141 764 3191 siris,
783 3140 872 3192 ξω]
904 3142 1003 3182 Non
1025 3149 1131 3194 puto

251 3214 321 3242 me
341 3213 429 3242 rem
458 3201 662 3242 studiosis
680 3203 890 3254 ingratam
913 3203 1129 3246 facturum

251 3264 359 3316 fore,
383 3265 419 3304 si
450 3265 531 3305 hoc
564 3265 605 3304 in
635 3266 732 3305 loco
764 3279 959 3318 quaenam
1000 3254 1142 3310 fueris

251 3327 364 3378 apud
383 3328 594 3368 Romanos
622 3329 818 3368 coenandi
847 3331 974 3382 ratio,
993 3331 1131 3372 brevi·

251 3395 320 3429 ter
336 3401 575 3442 exponam:
607 3392 660 3432 de
692 3406 774 3445 quo
795 3400 981 3446 quatuor
1001 3398 1131 3448 potis-

248 3453 398 3494 simum
409 3456 640 3506 quaerenda
651 3456 751 3497 mihi
765 3457 854 3497 visa
866 3465 976 3499 sunt.
1006 3459 1133 3500 Unde

253 3529 342 3557 mos
377 3517 449 3558 ille
486 3518 765 3559 accumbendi
790 3518 997 3563 fluxerit?
1039 3523 1133 3576 quis

1193 1820 1395 1848 numerus
1441 1812 1531 1848 tum
1564 1807 1819 1848 lectulorum
1850 1810 1941 1846 tum
1979 1816 2080 1845 con-

1195 1872 1414 1913 vivarum?
1459 1872 1552 1925 quis
1587 1870 1867 1912 accumbendi
1898 1869 2079 1910 modus?

1198 1937 1380 1990 quisque
1401 1937 1517 1978 locus
1547 1936 1748 1976 honoris?
1791 1946 1996 1986 summus,
2025 1947 2079 1974 an

1196 1999 1392 2040 medius?
1420 2005 1458 2040 1.
1478 1999 1579 2041 Alia
1598 2001 1692 2040 aliis
1711 1998 1975 2052 temporibus
1993 2011 2081 2039 coe-

1197 2064 1329 2104 nandi
1349 2064 1460 2104 ratio
1479 2065 1622 2104 Romae
1643 2062 1729 2103 fnit
1749 2077 1760 2103 z
1790 2063 1972 2115 primum
1993 2063 2084 2115 qui-

1198 2126 1295 2167 dem
1316 2127 1570 2179 assidentes,
1591 2127 1746 2167 deinde
1777 2127 2080 2168 accumbentes

1198 2190 1491 2231 coenitabant:
1523 2203 1610 2231 mos
1639 2192 1712 2231 ille
1733 2190 2015 2231 aLaconibus
2035 2196 2082 2231 et

1199 2255 1619 2305 Cretensibus,teste
1638 2256 1858 2306 Varrone;
1888 2256 1960 2295 hic
1978 2267 2081 2295 vero

1199 2317 1251 2357 ab
1282 2317 1474 2369 Asianis,
1490 2317 1661 2358 devicta
1682 2316 1805 2368 Asia,
1829 2318 2080 2371 Graecisque

1198 2380 1412 2420 manavit:
1465 2393 1566 2420 usus
1597 2386 1740 2420 tamen
1760 2379 1859 2431 fuit,
1879 2386 1926 2421 nt
1945 2379 2083 2420 foemi-

1198 2455 1266 2484 nae
1287 2444 1460 2496 pudoris
1479 2456 1606 2484 causa
1625 2443 1880 2484 cubantibus
1897 2443 1999 2484 viris
2017 2456 2084 2484 as-

1199 2507 1409 2559 siderent,
1425 2508 1577 2561 quibus
1597 2508 1727 2548 etiam
1746 2508 1966 2561 aliquanto
1986 2512 2084 2560 post

1198 2570 1409 2611 indultum
1431 2577 1499 2612 est
1518 2578 1564 2611 ut
1581 2572 1731 2612 itidem
1748 2584 1798 2612 ac
1818 2571 1896 2611 viri
1913 2584 2082 2612 accum-

1198 2634 1367 2676 berent.
1423 2639 1463 2676 2.
1484 2635 1764 2676 Consuetudo
1785 2635 1868 2676 fuit
1887 2635 1968 2675 sub
1989 2648 2082 2676 ves-

1200 2712 1344 2751 peram
1365 2700 1408 2739 in
1442 2700 1664 2739 coenaculo
1685 2711 1875 2739 mensam
1908 2699 2081 2750 instrui,

1198 2769 1245 2803 et
1276 2764 1519 2813 rotundam,
1561 2768 1605 2802 et
1637 2762 1870 2803 humilem:
1917 2763 2080 2804 circum

1197 2838 1388 2866 mensam
1422 2826 1492 2865 vel
1525 2826 1625 2877 duo,
1657 2832 1705 2866 ut
1744 2827 1981 2879 minimum,
2013 2828 2081 2867 vel

1198 2894 1301 2939 tres,
1328 2894 1377 2928 ut
1411 2890 1658 2941 plurimum,
1687 2890 1867 2929 lectulos
1899 2891 2081 2930 insterni

1202 2965 1407 3005 purpura,
1444 2952 1582 2992 aliave
1616 2961 1738 2993 veste
1767 2954 1972 3006 stragula,
2003 2966 2081 3005 pro

1199 3016 1486 3056 convivatoris
1517 3021 1593 3056 aut
1629 3017 1782 3068 opibus
1812 3022 1885 3056 aut
1920 3017 2080 3067 inopia.

1200 3079 1487 3119 Convivarum
1520 3091 1622 3119 vero
1652 3076 1853 3119 numerus
1873 3092 1953 3120 nec
1972 3079 2080 3119 Gra-

1199 3143 1356 3183 tiarum
1390 3155 1567 3183 numero
1586 3144 1725 3183 minor
1743 3155 1824 3183 nec
1856 3143 2079 3183 Musarum

1197 3207 1336 3258 major
1357 3213 1532 3248 eatenus
1566 3220 1660 3247 esse
1689 3206 1866 3256 debuit;
1897 3213 1958 3258 ut,
1983 3220 2079 3248 cum

1197 3272 1443 3324 paucissimi
1481 3272 1693 3320 convivae,
1730 3282 1815 3309 non
1854 3271 2079 3322 pauciores

1198 3342 1343 3376 essent
1372 3347 1498 3387 quam
1527 3340 1643 3383 tres;
1672 3346 1766 3374 cum
1788 3334 1976 3386 plurimi,
1994 3349 2079 3379 non

1199 3399 1345 3450 plures
1376 3410 1504 3449 quam
1535 3409 1701 3437 novem.
1755 3400 1796 3438 3.
1825 3399 2079 3452 Priusquam

1201 3461 1523 3510 accumberent,
1541 3472 1700 3511 corpus
1728 3461 1886 3513 lavare,
1911 3470 2079 3504 mutare

1203 3528 1346 3575 togam
1364 3523 1604 3576 soleasque,
1623 3535 1676 3563 ne
1705 3523 1979 3577 inquinarent
1997 3527 2080 3568 lec-
