2294 3990
392 268 465 320 90

391 397 504 437 enim
539 396 631 437 dies
658 394 966 448 Lupercalibus
1003 408 1124 436 sacer
1157 401 1266 447 erat,

392 472 483 500 rem
521 459 705 499 divinam
744 459 845 499 nudi
881 463 1074 511 agerent,
1110 464 1156 498 et
1190 471 1271 510 per

392 523 509 563 vicos
537 523 652 563 urbis
678 523 935 563 cursitantes
964 522 1138 562 scuticis
1157 535 1181 561 e
1201 534 1269 561 ca-

393 586 516 639 prina
535 587 664 638 pelle,
683 598 779 626 cum
793 586 941 626 obvios
958 597 1165 638 quosque,
1180 590 1270 625 tum

392 650 615 702 praecipue
649 650 846 690 mulieres
878 648 1080 700 ferirent,
1115 653 1163 689 ut
1193 648 1270 688 foe-

392 712 546 753 cundae
582 714 719 764 magis
755 711 1053 752 redderentur.
1116 724 1159 752 v.
1186 714 1270 752 Lu-

391 787 619 828 percorum
638 788 739 816 vero
757 781 846 816 tres
874 776 1123 816 sodalitates
1142 775 1272 817 fuisse

392 840 689 891 perhibentur,
736 852 821 879 una
859 840 1101 890 Fabiorum,
1137 841 1273 881 altera

393 903 713 954 Quintiliorum,
749 903 882 943 tertia
912 903 1158 944 Juliorum:
1197 905 1274 944 illa

385 964 479 1016 jam
507 965 607 1006 inde
639 966 693 1006 ab
727 966 859 1007 Urbis
890 967 1133 1019 primordiis
1152 967 1272 1008 insti-

1042 280 1120 317 DE.
1162 279 1563 320 ROMANORUM

1338 404 1449 449 tuta,
1485 400 1578 440 haec
1617 399 1750 439 multo
1790 404 1890 451 post
1931 399 1972 439 in
2007 400 2210 442 honorem

1335 462 1441 504 Julii
1490 462 1701 503 Caesaris:
1748 462 1832 502 illis
1867 475 2019 503 nomen
2062 477 2088 503 a
2125 465 2211 504 suis

1337 525 1517 565 ducibus
1547 525 1727 566 inditum
1764 530 1831 565 est
1850 526 1983 566 Fabio
2011 531 2057 566 et
2082 526 2216 568 Quin-

1338 588 1450 638 tilio,
1469 600 1644 640 quorum
1664 588 1775 627 alter
1796 598 1823 626 a
1851 587 2035 638 Romuli,
2060 589 2172 628 alter
2188 599 2216 627 a

1338 650 1461 690 Remi
1500 651 1695 702 partibus
1731 655 1930 691 steterat.
2000 662 2064 691 vr.
2106 650 2215 691 Haec

1340 727 1463 755 sacra
1480 719 1575 768 post
1590 715 1752 755 caedem
1773 715 1822 755 C.
1840 715 2023 755 Caesaris
2043 715 2217 766 neglec-

1340 784 1386 819 ta
1414 779 1467 820 ab
1504 779 1697 831 Augusto
1726 779 1929 819 restituta
1963 783 2076 828 sunt,
2102 782 2216 818 teste

1338 842 1562 892 Suetonio,
1589 847 1636 882 et
1665 842 1722 881 ad
1741 841 1957 882 Anastasii
1976 841 2216 892 Imperato-

1338 907 1396 946 ris
1415 913 1624 958 tempora,
1643 911 1691 946 ut
1705 910 1855 946 auctor
1870 911 1937 946 est
1950 904 2218 956 Onupbrius,

1340 970 1490 1010 Romae
1511 973 1850 1021 permanserunt.

502 1153 728 1209 LIBRI
767 1154 1184 1214 SIBYLLINI
1223 1158 1323 1210 ET
1361 1156 1785 1211 DUUMVIRI
1824 1154 2105 1209 SACRIS

1075 1268 1380 1322 FACIUN
1390 1269 1538 1322 DIS.

445 1405 478 1435 1.
496 1394 705 1435 Sinum
723 1395 838 1448 apud
857 1395 1063 1436 Ethnicos
1074 1396 1269 1436 Deorum

391 1457 649 1499 Sacerdotes
683 1463 732 1498 ut
768 1459 995 1511 plurimum
1023 1458 1154 1499 fuisse
1175 1471 1271 1510 per-

391 1519 608 1573 hibentur,
629 1533 734 1574 quas
764 1522 1022 1573 virginitatis
1051 1522 1202 1573 honos,
1228 1526 1272 1561 et

391 1583 574 1622 maxime
592 1584 819 1636 praedictio
834 1584 1074 1626 futurorum
1085 1586 1270 1638 posteris

390 1650 723 1691 commendavit.
777 1650 960 1692 Afflatus
996 1652 1165 1692 divinus
1186 1652 1268 1691 illis

390 1724 546 1753 nomen
575 1713 707 1755 fecit:
738 1713 826 1756 Σιὸς
843 1716 958 1756 enim
987 1729 1073 1756 vox
1092 1721 1159 1756 est
1176 1716 1271 1756 AEo-

390 1777 490 1829 lica,
528 1778 639 1819 idem
677 1781 804 1831 plane
854 1781 972 1821 valet
1010 1781 1124 1834 quod
1160 1781 1270 1830 Θεὸς,

392 1839 517 1893 Deus,
563 1847 610 1882 et
649 1843 776 1891 βουλὴ
826 1843 870 1884 id
904 1845 1015 1897 quod
1047 1846 1275 1886 consilium:

392 1904 507 1945 unde
527 1904 698 1959 Sibylla,
713 1907 832 1959 quasi
857 1907 1074 1958 Θεοβουλὴ,
1092 1909 1173 1948 hoc
1193 1914 1274 1959 est,

391 1967 527 2008 divini
559 1969 779 2022 particeps
817 1971 1001 2022 consilii,
1037 1971 1155 2011 dicta
1193 1977 1273 2012 est.

394 2031 658 2084 Sibyllarum
704 2046 903 2074 numerus
939 2035 1045 2075 alius
1084 2034 1139 2074 ab
1182 2035 1275 2075 aliis

394 2095 618 2148 proditur:
668 2110 793 2138 unam
837 2098 1012 2150 agnovit
1058 2097 1274 2137 Diodorus

391 2159 574 2211 Siculus,
607 2161 680 2201 cui
713 2161 904 2202 nonnulli
942 2161 1089 2202 Sancti
1116 2162 1274 2202 Patres

393 2222 714 2276 subscripsere;
744 2231 789 2265 at
809 2225 864 2265 de
885 2224 1053 2264 nomine
1067 2236 1153 2264 non
1173 2236 1274 2264 con·

392 2287 609 2326 sentiunt:
641 2287 693 2327 ab
713 2288 806 2327 aliis
832 2287 944 2327 enim
966 2287 1149 2339 Daphne
1167 2287 1273 2327 dici-

393 2355 478 2402 tur,
493 2351 547 2391 ab
567 2351 660 2391 aliis
680 2352 832 2392 Manto
850 2351 1029 2391 Tiresiae
1047 2350 1152 2402 filia,
1180 2363 1276 2404 quae

393 2417 463 2454 27.
501 2414 622 2454 annis
655 2419 756 2454 ante
789 2414 929 2466 Trojae
964 2413 1180 2454 excidium
1215 2414 1277 2453 di-

394 2477 530 2529 reptis
549 2477 719 2529 Thebis,
736 2477 807 2517 ubi
820 2478 1029 2518 hactenus
1045 2482 1277 2527 manserat,

393 2543 590 2595 Delphos
607 2543 662 2583 ab
677 2543 884 2596 Epigonis
903 2544 1026 2583 missa
1044 2551 1127 2583 est.
1155 2545 1278 2584 Duas

395 2606 564 2648 inducit
596 2607 782 2648 Martius
817 2607 1008 2659 Capella,
1043 2607 1279 2647 Cumanam

395 2675 442 2711 et
461 2671 730 2723 Erythraeam
745 2684 756 2711 :
778 2675 866 2711 tres
879 2676 924 2710 et
937 2670 1101 2710 Plinius
1116 2676 1160 2710 et
1172 2670 1280 2709 Soli-

394 2746 491 2786 nus,
511 2735 782 2787 Delphicam,
813 2734 1099 2786 Erythraeam,
1123 2739 1169 2773 et
1197 2733 1280 2773 Cu-

395 2810 590 2848 manam;
622 2802 667 2838 at
699 2798 964 2847 Lactantius,
998 2796 1044 2837 S.
1074 2794 1279 2847 Augusti-

396 2873 493 2912 nus,
516 2866 563 2901 et
582 2861 654 2901 alii
682 2861 878 2913 plerique
911 2871 1072 2910 omnes,
1102 2863 1278 2898 auctore

396 2926 462 2966 M.
482 2925 691 2976 Varrone,
725 2924 875 2964 decem
907 2929 1152 2972 numerant,
1173 2922 1279 2961 Per-

396 2990 547 3040 sicam,
574 2989 796 3042 Libycam,
815 2988 1089 3040 Delphicam,
1117 2987 1281 3027 Cumae-

401 3065 485 3105 am,
507 3053 793 3106 Erythraeam,
807 3052 1009 3102 Samiam,
1027 3051 1278 3101 Cumanam,

399 3117 790 3171 Hellesponticam,
821 3116 1069 3168 Phrygiam,
1089 3113 1279 3154 Tiburti-

397 3195 513 3224 nam.
567 3194 640 3224 111.
669 3184 879 3225 Quaenam
907 3181 1057 3220 harum
1099 3178 1279 3229 Sibylla-

400 3259 510 3298 rum,
531 3248 723 3296 Cumaea,
751 3257 804 3285 an
832 3244 1077 3296 Erythraea,
1112 3254 1166 3281 an
1197 3242 1281 3281 Cu-

400 3323 527 3353 mana
545 3311 703 3363 potius,
714 3310 844 3350 libros
856 3307 1086 3360 Sibyllinos
1105 3306 1282 3345 Romam

401 3374 611 3415 detulerit
628 3388 641 3424 3
674 3374 759 3415 utri
772 3372 1113 3426 Tarquiniorum,
1127 3369 1282 3410 Prisco

403 3453 458 3480 an
491 3440 706 3492 Superbo,
734 3440 827 3479 illos
855 3436 1115 3487 vendiderit,
1144 3435 1282 3475 incer·

406 3508 496 3545 tum
516 3509 594 3546 est.
651 3503 801 3544 Prisco
820 3501 990 3544 oblatos
1012 3501 1159 3541 volunt
1180 3500 1282 3539 Lac-

1339 1395 1501 1436 tantius
1529 1400 1574 1435 et
1607 1394 1798 1444 Servius,
1831 1392 2028 1446 Superbo
2055 1391 2218 1444 Diony-

1337 1459 1421 1498 sius
1442 1464 1488 1499 et
1507 1459 1686 1499 Gellius.
1740 1457 1793 1497 In
1822 1469 1868 1496 re
1899 1456 2028 1508 igitur
2065 1455 2221 1507 perob-

1340 1535 1478 1573 scura,
1497 1521 1608 1574 quod
1639 1520 1813 1561 similius
1843 1531 1944 1559 vero
1963 1519 2064 1558 mihi
2085 1519 2220 1558 visum

1341 1594 1420 1641 est,
1441 1589 1590 1641 paucis
1610 1588 1774 1640 accipe.
1830 1585 1994 1639 Sibylla
2014 1585 2221 1634 Cumana,

1339 1653 1385 1693 in
1406 1665 1491 1707 qua
1516 1654 1712 1705 plerique
1744 1650 2032 1700 consentiunt,
2053 1649 2121 1688 cui
2144 1660 2219 1688 no-

1338 1729 1436 1757 men
1479 1718 1546 1756 vel
1581 1715 1825 1764 Amalthea,
1858 1716 1926 1754 vel
1947 1712 2221 1764 Demophile,

1342 1780 1440 1833 fuit,
1457 1786 1665 1833 regnante
1683 1778 1913 1832 Tarquinio
1926 1778 2098 1826 Prisco,
2114 1782 2220 1816 tem-

1342 1859 1451 1899 pora
1469 1846 1583 1887 enim
1602 1845 1736 1897 magis
1756 1848 2016 1894 congruunt,
2043 1842 2220 1881 Romam

1343 1908 1528 1960 appulit,
1566 1908 1759 1960 Regique
1801 1906 1934 1945 libros
1969 1915 2121 1943 novem
2167 1915 2222 1942 ex

1341 1974 1573 2013 multarum
1586 1971 1845 2023 Sibyllarum
1857 1966 2117 2009 carminibus
2126 1977 2224 2006 con-

1341 2043 1483 2079 textos
1504 2037 1675 2087 obtulit,
1703 2034 1830 2075 modo
1864 2035 2083 2072 trecentos
2103 2042 2225 2071 num-

1339 2114 1431 2142 mos
1464 2101 1548 2152 ipsi
1572 2100 1782 2140 solveret:
1814 2096 2022 2147 despecta
2048 2105 2074 2133 a
2102 2093 2224 2145 Rege

1342 2170 1431 2205 tres
1463 2164 1593 2204 libros
1623 2163 1668 2202 in
1697 2162 1840 2214 ignem
1863 2157 2033 2210 abjicit,
2065 2154 2224 2196 deinde

1342 2241 1420 2282 pro
1440 2227 1532 2268 aliis
1547 2226 1660 2267 idem
1681 2225 1837 2265 iterum
1858 2222 2043 2276 pretium
2060 2220 2223 2272 poscit;

1343 2292 1586 2343 iterumque
1619 2290 1714 2329 Rex
1757 2287 1898 2327 ridere
1935 2283 2124 2325 mulieris
2161 2283 2226 2322 in-

1344 2354 1538 2393 saniam:
1569 2357 1614 2393 at
1646 2352 1720 2392 illa
1753 2350 1957 2391 continuo
1989 2345 2227 2388 combussit

1343 2416 1546 2456 librorum
1566 2419 1734 2468 partem
1761 2415 1956 2465 alteram,
1982 2416 2028 2452 et
2053 2415 2227 2451 tantun-

1345 2479 1441 2520 dem
1469 2491 1549 2532 pro
1579 2477 1755 2531 reliquis
1782 2475 1910 2529 petit.
1964 2474 2076 2515 Tum
2106 2472 2227 2512 muli-

1345 2543 1430 2584 eris
1465 2542 1746 2595 pertinaciam
1765 2541 1861 2580 Rex
1893 2537 2142 2588 admiratus,
2173 2547 2227 2574 ex

1346 2605 1571 2659 Augurum
1604 2605 1796 2655 consilio,
1831 2608 1878 2643 et
1917 2601 2100 2654 pretinm
2129 2611 2226 2652 per-

1348 2669 1471 2721 solvi,
1491 2675 1537 2709 et
1554 2668 1686 2708 libros
1706 2666 1868 2707 servari
1891 2665 2037 2717 jussit.
2093 2663 2133 2703 A
2151 2674 2226 2702 no-

1346 2733 1413 2775 bis
1433 2732 1597 2773 Plinius
1629 2732 1671 2770 in
1704 2743 1756 2771 eo
1789 2728 2006 2775 dissentit,
2038 2725 2152 2780 quod
2181 2730 2228 2765 et

1347 2802 1436 2837 tres
1456 2801 1622 2836 tantum
1641 2794 1771 2833 libros
1792 2792 1958 2833 oblatos
1976 2787 2226 2842 Tarquinio,

1347 2865 1392 2900 et
1410 2860 1516 2899 duos
1541 2871 1565 2898 a
1597 2858 1756 2909 Sibylla
1788 2860 1979 2906 exustos,
2018 2859 2064 2894 et
2098 2864 2227 2892 unum

1345 2922 1526 2964 flammis
1557 2927 1755 2974 ereptum
1785 2919 1906 2960 velit.
1959 2929 2022 2958 lv.
2055 2916 2152 2957 Hos
2178 2915 2227 2955 li-

1346 2987 1446 3027 bros
1493 2986 1609 3025 inter
1665 2996 1790 3024 sacra
1830 2981 2011 3022 Romani
2046 2978 2228 3032 Imperii

1345 3050 1599 3104 Tarquinius
1632 3047 1796 3098 haberi,
1835 3051 1880 3087 et
1915 3046 1959 3085 in
1997 3040 2228 3094 Capitolini

1345 3115 1467 3156 Jovis
1505 3112 1694 3154 sacrario
1732 3110 1811 3151 sub
1848 3114 2009 3150 terram
2043 3106 2088 3146 in
2128 3115 2229 3145 arca

1347 3176 1520 3230 lapidea
1552 3174 1711 3227 deponi
1744 3172 1907 3214 voluit:
1936 3170 2009 3223 qui
2039 3180 2112 3208 eos
2142 3178 2230 3206 scr-

1348 3245 1500 3281 vatent
1518 3238 1684 3280 creavit
1699 3249 1722 3276 e
1734 3234 1938 3276 Patriciis
1957 3230 2232 3281 Duumviros,

1348 3315 1527 3358 quorum
1555 3311 1754 3342 numerus
1789 3308 1900 3338 anno
1927 3294 2057 3336 Urbis
2077 3297 2173 3334 388.
2204 3305 2231 3333 a

1352 3369 1403 3408 C.
1425 3364 1589 3407 Licinio
1620 3367 1666 3403 et
1692 3364 1741 3402 L.
1771 3359 1922 3401 Sextio
1947 3357 2144 3398 Tribunis
2174 3354 2230 3395 ad

1350 3430 1501 3470 decem
1518 3439 1569 3467 eo
1588 3431 1740 3466 auctus
1771 3429 1855 3474 est,
1887 3428 1935 3463 ut
1965 3433 2110 3462 eorum
2129 3428 2228 3472 pars

1350 3506 1435 3536 una
1447 3505 1470 3533 e
1489 3491 1628 3545 plebe,
1644 3502 1666 3530 e
1683 3487 1888 3530 Patribus
1903 3488 2053 3538 altera,
2067 3486 2229 3536 legere-
