2352 4022
378 323 486 375 134
1199 333 1440 371 ΜΑΧιΜι
1488 334 1605 370 mn.
1634 332 1673 371 1.

377 455 621 523 cretique
637 451 1201 518 circumspectissima
1217 450 1513 502 sanctitate
1531 450 1760 517 impium
1779 466 1923 518 opus
1940 454 2185 506 censoris

572 541 582 550 ⁹
631 548 651 577 q

375 545 710 674 retgiiussam
734 637 821 672 me
847 619 1066 670 hercule
1091 633 1257 685 quam
1300 617 1370 681 Q.
1407 615 1730 680 Pleminii,⁷8
1767 617 1966 684 legati*
2003 620 2187 687 Scipi-

375 707 533 770 onis,t
578 707 635 756 in
674 705 970 757 thesaurou
1020 701 1404 769 ProserpinaeV
1456 699 1751 768 spoliando
1768 706 1813 739 ⁷⁹
1863 703 2187 755 sceleratam·

372 791 655 843 avaritiam
691 789 844 856 justa
891 786 1367 839 animadversione
1418 785 1790 839 vindicavitsss
1865 785 2007 837 Cum
2044 788 2188 839 enim

372 877 389 900 ‘
408 890 530 932 eum
554 874 798 925 vinctum
813 871 859 900 ⁸0
903 870 1143 922 Romam
1161 874 1191 897 W
1217 869 1457 936 protrahi
1477 868 1545 899 '⁸¹
1578 869 1866 936 jussisset,
1908 876 2033 922 ante
2059 886 2186 923 cau—

370 973 447 1009 sae
471 956 764 1008 dictionem
785 956 842 1006 in
869 971 1089 1008 carcere
1113 955 1386 1006 teterrimo
1413 970 1611 1020 genere
1650 955 1828 1006 morbi
1846 953 1892 984 ⁸²
1929 971 2185 1007 consum-

898 335 1153 373 VALERM

420 1138 437 1164 ⁹
469 1133 590 1185 Cujus
610 1134 743 1173 Fulvii
760 1135 983 1174 calamitate
998 1138 1195 1185 permotus
1210 1132 1377 1172 Senatus
1406 1138 1444 1172 et
1470 1133 1593 1183 jussit
1619 1134 1776 1184 tegulas
1801 1131 1946 1181 referri
1961 1131 2119 1182 Locros,
2145 1135 2183 1170 et

366 1186 526 1236 impium
534 1186 696 1235 facinus
714 1188 892 1226 Censoris
909 1187 1106 1238 reparavit
1123 1187 1422 1237 prudentissima
1440 1189 1651 1226 sanctitate
1670 1187 1803 1226 edicti.

417 1244 435 1263 r
462 1240 686 1280 Mehercule
705 1240 871 1279 Senatus
887 1241 1069 1292 prudenti
1085 1243 1210 1280 edicto
1228 1244 1310 1279 tam
1327 1241 1469 1279 delevit
1493 1240 1638 1280 crimen
1661 1239 1856 1291 Censoris,
1885 1251 2000 1290 quam
2026 1237 2184 1290 punivit

363 1293 572 1333 avaritiam
594 1294 798 1345 Pleminii,
813 1297 879 1344 ᾅτ.

1124 1385 1418 1399 ΦΙΙΝθθΙθΙΙθ

364 1478 457 1517 nius
472 1477 618 1517 timide
638 1478 952 1528 conjicitsociis.
981 1478 1247 1518 Glareanus:
1273 1479 1493 1517 Crotonem.
1524 1476 1632 1515 Mihi
1652 1488 1734 1516 non
1752 1476 1918 1528 liquet!
1941 1476 2183 1528 Rapa—78

361 1533 409 1570 P.
426 1531 597 1571 Leminii
614 1531 774 1571 habent
786 1533 884 1571 Vet.
905 1532 1019 1581 Mog.
1037 1538 1081 1570 et
1090 1533 1266 1570 Venett.
1283 1535 1319 1571 1.
1332 1535 1371 1570 2.
1388 1543 1483 1570 cum
1499 1530 1660 1581 aliquot
1673 1530 1798 1570 codd.
1812 1530 1884 1569 alii
1899 1535 2041 1570 tamen
2056 1528 2183 1570 codd.

360 1585 480 1634 dant,
495 1584 611 1625 Junii
629 1585 800 1633 Lemnii,
818 1586 885 1624 vel
905 1585 1079 1624 Postumi
1098 1585 1252 1633 Levim',
1283 1586 1350 1623 vel
1368 1589 1452 1636 post
1467 1583 1598 1622 Publii
1618 1583 1792 1630 Lemnii,
1812 1585 1881 1623 vel
1897 1589 1984 1635 post
1999 1582 2183 1623 Leminii.

360 1642 469 1678 —79
497 1638 748 1688 Proserpinoe
767 1639 1016 1689 exspoliando
1035 1639 1077 1677 in
1095 1639 1259 1678 duobus
1277 1638 1469 1678 Torrenii
1490 1636 1726 1677 codd.-80
1757 1638 1857 1676 Cum
1874 1638 1978 1677 enim
2009 1637 2182 1676 tinctum

360 1691 498 1730 edidit
529 1691 727 1742 Pighius:
760 1704 845 1731 eum
876 1698 1115 1742 agnoscunt
1146 1704 1291 1731 omnes
1325 1691 1448 1731 codd.
1480 1702 1575 1729 cum
1600 1691 1702 1729 Vet.
1740 1690 2050 1742 Mog.Venett.
2077 1692 2113 1728 1.
2141 1692 2182 1729 2.

357 1744 536 1783 Mediol.
558 1748 596 1783 1.
617 1748 656 1784 2.
677 1743 807 1784 Aldd.
830 1746 965 1784 Colin.
988 1749 1025 1784 l.
1046 1749 1084 1784 2.
1117 1751 1162 1784 et
1190 1745 1449 1795 Steph.—-81
1482 1743 1685 1783 Nonnulli
1705 1742 1832 1784 codd.
1865 1743 2060 1794 pertrahi,
2088 1753 2184 1793 pro·

360 1797 492 1836 bante
511 1798 660 1837 Vossio
681 1811 733 1836 ex
752 1797 926 1838 Phaedr.
949 1810 1020 1838 111.
1038 1802 1103 1837 30.
1134 1803 1179 1838 et
1198 1799 1259 1838 sic
1289 1799 1330 1836 in
1348 1799 1444 1836 Vet.
1475 1803 1520 1836 et
1553 1797 1671 1847 Mog.
1729 1797 1851 1848 Mox,
1881 1797 1916 1835 is
1944 1801 2036 1837 ante
2067 1795 2182 1835 idem

358 1850 553 1901 Pighius,
580 1851 692 1903 quod
711 1858 876 1891 tantum
896 1852 937 1890 in
967 1864 1049 1891 uno
1082 1858 1155 1891 aut
1187 1853 1324 1890 altero
1358 1851 1399 1889 id
1432 1850 1726 1900 comparebat,
1752 1856 1797 1890 et
1829 1850 2000 1902 quidem
2032 1860 2182 1900 super-

357 1905 590 1956 scriptum:
623 1916 728 1944 unus
749 1906 902 1957 codeX,
922 1905 987 1957 qui
1003 1910 1151 1944 ante.——
1162 1909 1213 1945 82
1234 1904 1419 1947 Quidam
1438 1904 1561 1944 codd.
1577 1915 1721 1953 genere
1740 1904 1891 1943 mortis.
1926 1903 2180 1944 Lectionem

1178 2012 1351 2052 NOTAE

355 2123 557 2163 Locrensi
576 2123 705 2162 fuisse
725 2123 841 2162 dicat
859 2122 1054 2171 Plinius,
1083 2121 1230 2161 Livius
1301 2126 1417 2171 sunt,
1436 2122 1548 2161 hunc
1566 2121 1608 2160 in
1629 2120 1782 2159 librum
1804 2117 2060 2166 transferre;
2082 2128 2177 2156 cnm

356 2193 496 2226 tamen
542 2187 616 2226 lib.
652 2197 821 2226 xxxiv.
860 2185 1019 2225 Strabo
1053 2185 1127 2223 lib.
1164 2197 1228 2224 vr.

354 2250 541 2299 Servius,
569 2250 726 2302 aliique
746 2261 890 2288 omnes
917 2250 960 2288 in
980 2249 1228 2288 Crotonien-

354 2314 459 2353 sium
496 2313 656 2352 ditione
678 2314 907 2353 collocant.
937 2313 1098 2364 Locros]
1130 2313 1229 2352 Fuit

352 2388 516 2427 magnas
554 2376 740 2415 Graeciae
773 2375 926 2415 civitas
965 2375 1019 2414 ad
1057 2376 1224 2427 Zephy-

352 2440 460 2478 rium
511 2439 844 2490 promontorium
888 2439 930 2476 in
975 2437 1225 2477 Brutiorum

352 2501 552 2552 confinio,
580 2513 675 2553 quae
709 2506 754 2540 et
788 2500 962 2540 Naricia
992 2513 1016 2539 a
1044 2501 1224 2552 Virgilio

354 2565 528 2615 dicitur,
571 2564 637 2602 vel
678 2576 703 2602 a
749 2563 1030 2603 Locrensibus
1082 2563 1227 2603 Ozolis

356 2629 527 2668 Evante
564 2625 690 2676 duce,
733 2627 801 2665 vel
838 2627 890 2665 ab
931 2626 1063 2678 Ajace
1102 2626 1228 2666 Oileo

353 2690 541 2739 condita,
569 2694 617 2728 ut
636 2691 697 2728 ait
717 2689 900 2730 Solinus.
959 2689 1133 2729 Gieraci.

406 2760 420 2778 ⁸
451 2753 503 2796 Q.
541 2751 726 2790 Pleminii
757 2751 897 2802 legati]
928 2751 1067 2790 Penes
1101 2762 1226 2803 quem

351 2816 526 2855 absente
554 2813 820 2863 Imperatore
853 2826 1017 2853 summa
1037 2818 1227 2864 potestas

353 2884 461 2918 erat.
503 2877 637 2915 Plura
651 2877 767 2926 leges
789 2876 832 2914 in
849 2876 1008 2915 Militia
1022 2877 1227 2915 Romano·

354 2953 460 2980 rum.

405 3006 417 3028 1
444 3001 662 3054 Scipionis]
705 3001 902 3042 Africani
936 3002 1130 3053 Majoris‚
1173 3001 1226 3041 de

352 3079 434 3119 quo
456 3066 614 3118 saepius
634 3065 834 3104 dicemus.

423 3135 442 3153 ¹¹
471 3129 522 3167 In
555 3125 754 3176 thesauro]
799 3125 1033 3165 Pleminius
1071 3139 1095 3165 a
1136 3126 1225 3166 Sci-

348 3192 476 3244 pione
512 3202 608 3231 cum
637 3188 838 3240 praesidio
870 3188 1016 3230 Locris
1046 3187 1224 3240 praefec-

351 3262 438 3304 tus,
467 3254 672 3304 templum
711 3252 996 3302 Proserpina,
1021 3251 1132 3304 quod
1163 3252 1223 3292 ibi

348 3315 655 3356 nobilissimum
672 3320 766 3354 erat
780 3320 825 3354 et
844 3314 1223 3366 opulentissimum,

346 3378 543 3429 diripuit.

402 3447 421 3466 v
440 3440 710 3491 Proserpinoe]
729 3441 824 3481 Non
841 3441 1096 3491 estanimus,
1112 3453 1223 3493 quae-

347 3515 528 3556 cumque
566 3502 620 3543 de
666 3503 762 3543 Diis
802 3503 943 3556 poiitae
991 3505 1220 3544 commenti

1299 2185 1367 2223 vel
1394 2184 1539 2235 pueris
1557 2189 1662 2224 nota
1681 2184 1788 2222 sint:
1819 2182 1913 2234 quis
1934 2181 2048 2220 enim
2068 2181 2179 2220 Pro-

1298 2248 1511 2299 serpinam
1559 2248 1679 2289 Jovis
1729 2245 1861 2286 fuisse
1925 2245 2179 2296 Cererisque

1297 2308 1427 2348 filiam
1462 2310 1644 2359 nesciat,
1675 2314 1930 2360 raptamque
1948 2319 1972 2346 a
1991 2306 2179 2346 Plutone

1297 2371 1397 2411 dum
1429 2374 1471 2412 in
1501 2373 1659 2424 campis
1694 2371 1869 2411 Ennaeis
1897 2369 2026 2410 flores
2061 2370 2181 2425 lege->

1295 2435 1387 2475 ret?

1348 2503 1366 2545 ss
1395 2498 1481 2539 An.
1502 2500 1564 2539 M.
1588 2502 1707 2539 3850.
1765 2497 1835 2537 01.
1867 2499 1960 2537 144.
1992 2500 2029 2537 1.
2068 2495 2178 2538 Urb.

1294 2560 1343 2600 C.
1364 2565 1459 2602 549.
1493 2561 1597 2602 Ant.
1619 2563 1700 2602 Ch.
1717 2564 1810 2601 203.

1349 2630 1373 2650 w
1400 2625 1583 2666 Vim-tum
1597 2626 1777 2675 Romam,
1796 2623 1886 2675 ξω]
1905 2623 2012 2663 Post
2032 2622 2177 2676 direp-

1295 2693 1380 2727 tam
1423 2689 1665 2740 pecuniam‚
1695 2693 1838 2728 tantus
1875 2687 2069 2728 omnibus
2106 2694 2175 2730 est

1295 2750 1482 2800 injectus
1500 2750 1632 2801 furor,
1662 2756 1710 2790 ut
1729 2750 1816 2790 dux
1835 2750 1876 2789 in
1897 2749 2068 2800 ducem,
2095 2751 2174 2790 mi-

1294 2813 1439 2864 lesque
1457 2814 1499 2852 in
1516 2813 1690 2853 militem
1708 2813 1970 2865 insurgeret:
1991 2825 2174 2866 cumque

1294 2876 1529 2915 Pleminius
1549 2876 1592 2915 in
1605 2876 1815 2916 Tribunos
1833 2875 2056 2916 seditionis
2076 2888 2173 2917 auc·

1294 2944 1409 2978 tores
1429 2938 1801 2978 animadvertisset
1821 2939 1949 2989 paulo
1968 2939 2177 2991 severius,

1293 3013 1317 3040 a
1355 3001 1559 3041 militibus
1591 3013 1693 3040 naso
1722 3001 1977 3053 auribusque
2014 3001 2172 3042 abscis-

1294 3064 1366 3114 sis,
1393 3064 1597 3114 exanguis
1635 3063 1809 3103 relictus
1847 3068 1928 3104 est.
1993 3063 2092 3105 Qua
2123 3076 2170 3104 re

1294 3126 1442 3166 audita
1462 3127 1607 3178 Scipio
1627 3127 1830 3166 Messana
1849 3127 2006 3166 Locros
2039 3126 2167 3166 advo-

1291 3191 1367 3242 lat,
1397 3192 1695 3244 Tribunosque
1725 3192 1766 3231 in
1798 3191 1968 3231 vincula
1997 3191 2170 3243 conjec-

1292 3259 1357 3293 tos
1390 3255 1567 3295 Romam
1601 3254 1699 3294 duci
1726 3253 1871 3305 jubet.
1927 3252 1989 3293 At
2008 3254 2168 3294 Plemi-

1290 3317 1384 3356 nius
1421 3318 1483 3357 ira
1534 3318 1764 3369 impotens,
1808 3329 1906 3357 cum
1953 3317 2167 3358 Tribunos

1289 3393 1450 3430 omnes,
1464 3386 1554 3420 tum
1574 3381 1728 3420 multos
1747 3380 1874 3419 etiam
1890 3380 2167 3420 Locrensium

1288 3443 1482 3483 omnibus
1502 3444 1712 3483 laceratos
1741 3443 1964 3495 suppliciis
1983 3449 2163 3484 enecat:

1289 3518 1423 3558 quare
1454 3505 1582 3558 legati
1615 3518 1639 3546 a
1672 3505 1955 3546 Locrensibus
1985 3506 2163 3546 Romam
