2346 3952
308 287 378 340 28

312 425 494 467 Octavia
513 424 555 463 in
573 421 729 465 Juliam
750 433 777 461 a
794 421 844 461 C.
866 421 1035 460 Caesare
1047 419 1178 471 adop-

313 496 422 531 tatus
454 493 535 528 est.
603 485 710 525 Cum
746 496 847 523 vero
880 483 931 522 P.
958 482 1177 522 Cornelius

309 553 453 603 Scipio
474 564 499 591 a
517 551 573 592 Q.
585 547 766 588 Metello
780 547 874 595 Pio,
889 551 930 584 et
946 545 1009 584 M.
1025 545 1179 586 Junius

311 616 470 655 Brutus
491 627 516 653 a
546 614 599 654 Q.
615 610 796 651 Servilio
816 607 1018 658 Caepione
1050 607 1179 658 adop-

310 679 393 719 tati
425 682 594 723 essent3
648 674 720 713 ille
753 674 808 714 Q.
839 671 1039 711 Metellus
1076 670 1183 710 Pius

314 742 472 793 Scipio,
491 740 559 779 hic
577 739 630 780 Q.
644 735 845 777 Servilius
862 734 1008 786 Caepio
1023 734 1183 774 Brutus

314 805 557 845 dictusest.

367 868 487 909 Inter
505 876 649 905 servos
678 867 723 902 et
752 860 932 900 libertos
965 859 1008 900 id
1039 859 1185 900 discri-

315 932 437 971 minis
457 941 550 970 esse
569 927 760 979 plerique
781 925 942 974 volunt,
974 923 1087 976 quod
1104 937 1187 963 ser·

317 997 358 1036 vi
376 993 533 1035 domini
553 1002 797 1044 praenomen
825 994 988 1029 tautum
1006 1004 1019 1039 ;
1044 988 1189 1029 liberti

962 301 1038 340 DE
1080 300 1422 339 ROMANORU
1437 301 1477 337 M

1246 429 1345 458 vero
1377 423 1423 457 et
1455 429 1700 469 praenomen
1739 423 1783 458 et
1815 431 1968 460 nomeu
2005 433 2120 462 assu·

1246 485 1427 519 merent.
1471 481 1716 531 Cognomen
1732 494 1813 521 non
1830 482 1957 523 item:
1988 497 2120 536 qnare

1248 558 1394 585 servus
1415 546 1540 595 vulgo
1570 551 1748 585 vocatur
1782 547 2121 599 Lucipor,Mar-

1251 608 1396 659 cipor;
1455 607 1567 660 quod
1601 608 1714 648 idem
1755 615 1878 649 sonat
1916 623 1966 651 ac
2001 612 2124 653 Lucii
2180 642 2182 644 ψ

1252 684 1374 723 puer,
1419 672 1558 711 Marci
1596 684 1720 722 puer.
1794 672 1840 712 Si
1874 673 2124 715 libertorum

1252 736 1492 787 exemplum
1512 738 1716 788 requiras,
1738 737 1894 777 iudicio
1910 737 2127 779 tibierunt

1252 799 1335 839 duo
1354 800 1415 840 M.
1431 799 1559 838 Tullii
1593 801 1809 840 Ciceronis
1825 801 1990 853 liberti,
2022 814 2124 855 quo-

1252 874 1346 901 rum
1362 863 1471 901 alter
1493 863 1558 902 M.
1575 863 1738 902 Tullius
1770 864 1887 915 Tiro,
1920 865 2030 904 alter
2060 865 2125 907 M.

1251 926 1414 966 Tullius
1432 927 1597 966 Laurea
1617 927 1856 978 appellatus
1876 932 1954 967 est.

471 1151 586 1204 AN
625 1149 904 1203 EADEM
947 1147 1245 1202 FUERIT
1283 1146 1683 1200 NOMINUM
1722 1148 1972 1202 RATIO

551 1274 863 1327 STANTE
905 1272 1380 1338 EVERSAQUE
1416 1273 1897 1329 REPUBLICA.

372 1413 478 1453 Duo
525 1413 594 1453 hic
639 1413 904 1465 potissimum
951 1413 1192 1465 quaerimus,

318 1488 494 1528 quorum
514 1477 693 1516 alterum
721 1477 774 1516 ad
803 1488 1068 1527 praenomen,
1089 1477 1193 1515 alte-

320 1551 413 1578 rum
445 1539 495 1578 ad
527 1551 678 1578 nomen
708 1551 1028 1591 cognomenque
1066 1538 1195 1590 perti-

321 1609 409 1643 net.
490 1602 684 1643 Primum
721 1615 773 1642 an
815 1602 1029 1655 posterior
1076 1607 1196 1653 aetas,

322 1666 447 1707 sicuti
476 1667 606 1718 prior,
641 1668 859 1718 proprium
889 1667 1092 1718 cujusque
1123 1679 1196 1706 no·

323 1741 422 1768 men
440 1729 594 1769 ceteris
628 1730 865 1768 nominibus
897 1730 1198 1781 praeposuerit.

324 1791 495 1832 Deinde
533 1804 585 1831 an
627 1804 778 1832 nomen
811 1803 1136 1844 cognomenque
1174 1804 1199 1831 a

325 1859 467 1904 patre,
481 1866 575 1904 avo,
593 1866 768 1906 proavo,
779 1861 826 1893 ut
843 1854 960 1905 olim,
973 1859 1092 1894 certa
1107 1855 1199 1906 lege

329 1916 571 1968 repetierit.

378 1980 529 2020 Stante
559 1979 795 2031 Republica
822 1980 892 2020 hic
924 1991 1013 2019 mos
1030 1991 1201 2032 semper

327 2041 526 2092 obtinuit,
558 2048 604 2081 ut
637 2054 787 2081 nomen
823 2043 1068 2094 proprium3
1094 2054 1200 2094 prae-

328 2115 498 2153 nomen,
529 2106 592 2142 uti
615 2104 815 2153 diximus,
845 2109 964 2154 erat;
1007 2110 1106 2143 ante
1136 2117 1202 2144 ce-

327 2171 424 2205 tera
442 2167 612 2206 nomina
630 2167 940 2207 collocaretur:
969 2173 1066 2217 post
1080 2179 1199 2207 ever·

330 2240 419 2268 sam
439 2241 540 2269 vero
557 2230 893 2281 Rempublicam,
909 2234 954 2269 et
973 2229 1139 2279 Romae,
1157 2236 1203 2269 et

331 2291 374 2332 in
402 2291 643 2331 Provinciis
675 2305 760 2331 nou
793 2292 989 2343 primum,
1010 2299 1056 2331 ut
1085 2293 1202 2341 olim,

332 2354 408 2393 sed
427 2354 620 2394 ultimum
637 2367 791 2395 nomen
811 2355 964 2407 cuique
985 2355 1204 2406 proprium

334 2415 441 2456 fuit:
469 2416 531 2456 ita
557 2423 603 2456 ut
633 2415 803 2468 fratres,
838 2430 934 2457 cum
966 2423 1109 2457 cetera
1135 2429 1207 2456 no-

335 2478 447 2518 mina
479 2479 721 2519 communia
752 2479 975 2527 baberent,
1008 2491 1091 2519 non
1123 2480 1208 2530 pri-

336 2541 430 2591 mis,
449 2547 498 2582 ut
526 2548 668 2591 antea,
685 2543 760 2582 sed
780 2543 941 2583 ultimis
971 2543 1209 2583 nominibus

337 2604 450 2644 inter
468 2617 513 2644 se
534 2605 917 2657 dignoscere-utun
957 2611 1005 2645 ut
1039 2607 1210 2645 Flavius

339 2667 627 2719 Vespasianus
658 2674 702 2707 et
736 2669 903 2708 Flavius
922 2668 1102 2708 Sabinus
1126 2668 1211 2709 fra-

341 2737 429 2771 tres
443 2732 555 2783 apud
575 2732 840 2773 Suetonium.
899 2732 1043 2785 Atque
1065 2746 1090 2772 a
1109 2734 1211 2772 mul·

343 2794 397 2833 tis
423 2796 632 2845 exemplis
665 2801 714 2834 ut
747 2795 1048 2844 abstineamus,
1083 2808 1213 2835 unum

342 2857 599 2896 Senecarum
647 2857 806 2897 addere
851 2858 952 2896 satis
1002 2870 1213 2909 superque

343 2920 442 2960 erit.
497 2920 631 2960 Pater
648 2919 731 2959 fuit
750 2921 812 2960 M.
834 2919 1017 2959 Annaeus
1034 2922 1214 2971 Seneca,

344 2983 414 3035 qui
437 2984 622 3024 Rhetor:
654 2984 714 3022 illi
736 2991 823 3024 tres
839 2983 1014 3023 fuerunt
1044 2983 1134 3031 filii,
1151 2985 1214 3024 Μ.

348 3046 533 3086 Anuaeus
551 3047 764 3096 Novatus,
776 3046 827 3086 L.
842 3046 1025 3085 Annaeus
1037 3047 1214 3093 Seneca,

346 3110 416 3160 qui
436 3110 737 3162 Philosophus,
751 3117 795 3150 et
815 3111 863 3150 L.
879 3110 1064 3149 Annaeus
1083 3111 1215 3160 Mela,

348 3175 419 3225 qui
448 3176 611 3215 Lucani
641 3182 778 3226 pater.
849 3175 955 3217 Quis
986 3187 1069 3213 nou
1102 3175 1222 3215 videt

350 3243 438 3277 tres
459 3239 552 3279 illos
571 3238 747 3289 fratres,
766 3252 844 3279 nec
871 3239 1024 3290 primo,
1057 3250 1136 3278 nec
1157 3251 1221 3278 se·

351 3301 491 3341 cundo
526 3303 709 3351 nomine,
738 3314 833 3354 quae
872 3302 938 3341 vel
974 3302 1124 3351 tribus,
1153 3301 1222 3340 vel

353 3362 516 3403 duobus
535 3364 771 3404 communia
790 3370 929 3412 erant,
949 3363 1023 3403 sed
1057 3363 1223 3413 ultimo,

353 3426 465 3476 quod
504 3427 725 3479 unicuique
764 3428 997 3480 proprium,
1035 3427 1148 3466 inter
1178 3438 1223 3466 se

356 3489 587 3540 distingui?

1314 1413 1515 1453 Florente
1568 1414 1808 1466 Republica
1861 1414 2136 1467 praenominis

1262 1476 1508 1528 imponendi
1528 1478 1595 1517 hie
1615 1490 1703 1517 mos
1724 1477 1823 1527 fuit,
1836 1483 1883 1518 ut
1901 1477 2013 1517 filins
2033 1484 2137 1518 natu

1261 1540 1466 1579 maximus
1488 1541 1737 1593 plerumque
1755 1553 1998 1592 praenomeu
2019 1552 2044 1580 a
2063 1551 2138 1591 pa·

1264 1609 1347 1651 tre,
1389 1604 1600 1642 secundus
1646 1604 1853 1643 tertiusve
1899 1616 1924 1643 a
1959 1603 2137 1655 patruis,

1264 1667 1473 1717 cognatis,
1502 1673 1574 1706 aut
1606 1667 1790 1718 proavis,
1816 1670 2141 1715 mutuarentur;

1263 1728 1434 1768 nomina
1455 1740 1555 1767 vero
1576 1729 1782 1780 gentium,
1809 1734 1855 1769 et
1885 1726 2140 1769 familiarum

1266 1791 1518 1840 cognomina
1545 1790 1605 1829 ita
1636 1797 1757 1830 certa
1787 1797 1910 1830 erant
1941 1796 1986 1830 et
2014 1794 2142 1839 stata,

1266 1857 1316 1891 ut
1333 1858 1379 1892 et
1404 1851 1606 1892 fratribus
1638 1858 1784 1892 essent
1813 1853 2069 1899 communia,
2097 1857 2143 1893 et

1269 1914 1323 1954 ad
1344 1922 1540 1966 posteros
1571 1916 1815 1956 transirent.
1862 1916 2007 1958 Quare
2038 1916 2144 1956 Cor·

1269 1979 1368 2018 nelii
1388 1986 1461 2018 aut
1491 1979 1596 2019 Julii
1629 1979 1885 2020 dicebantur
1917 1980 1947 2020 ii
1983 1991 2147 2031 omnes,

1267 2042 1382 2093 quie
1403 2048 1531 2093 gente
1564 2043 1762 2082 Cornelia
1792 2050 1867 2083 aut
1903 2043 2022 2085 Julia
2054 2043 2146 2085 nati

1269 2110 1414 2153 eraut3
1455 2111 1500 2143 et
1522 2105 1747 2155 Scipiones
1768 2106 1884 2156 item,
1901 2112 1976 2146 aut
2005 2107 2145 2146 Caesa-

1270 2180 1355 2218 res,
1399 2169 1470 2220 qui
1504 2169 1544 2207 in
1580 2167 1742 2207 familia
1784 2169 2033 2220 Scipionum
2071 2175 2150 2209 aut

1270 2231 1499 2271 Caesarum.
1554 2231 1639 2270 Sed
1667 2232 1792 2282 paulo
1824 2237 1920 2283 post
1949 2243 2148 2272 occasum

1270 2292 1539 2344 Reipublicae
1559 2294 1623 2332 ita
1638 2289 1725 2332 labi
1741 2295 1896 2332 sensim
1917 2307 1967 2334 ac
1991 2295 2148 2334 mutari

1271 2362 1510 2407 coeperunt,
1531 2362 1577 2395 ut
1596 2356 1758 2395 nullum
1778 2355 1967 2407 familiae,
1989 2358 2150 2397 nullum

1276 2419 1414 2469 gentis
1434 2425 1594 2458 certum
1622 2430 1770 2457 nomeu
1805 2417 1962 2468 fuerit;
1987 2419 2151 2472 filiique

1276 2494 1300 2520 a
1322 2482 1530 2532 patribus,
1547 2488 1591 2520 et
1610 2494 1634 2520 a
1649 2480 1853 2521 fratribus
1869 2482 2023 2523 fratres
2043 2495 2151 2523 sem-

1277 2556 1355 2594 per
1377 2544 1584 2594 pluribus,
1616 2544 1829 2584 interdum
1862 2546 2058 2586 omnibus
2077 2559 2152 2587 no-

1277 2606 1460 2645 minibus
1479 2606 1804 2658 discreparent:
1849 2621 1946 2648 cum
1973 2609 2016 2648 id
2050 2615 2156 2650 tem·

1279 2669 1411 2720 poris,
1428 2681 1508 2708 nec
1529 2669 1744 2720 proprium
1765 2676 1974 2724 cujusque
1987 2684 2158 2723 nomen,

1279 2744 1360 2771 nec
1397 2731 1619 2782 adjuncta,
1656 2744 1728 2771 seu
1771 2735 2047 2784 praenomina,
2078 2745 2156 2774 seu

1279 2795 1531 2846 cognomina
1566 2807 1745 2845 semper·
1767 2808 1793 2834 a
1813 2797 2079 2849 parentibus,
2109 2802 2158 2838 ut

1281 2858 1414 2908 prius,
1434 2856 1506 2896 sed
1528 2857 1714 2907 aliunde,
1739 2864 1786 2898 ut
1821 2860 2048 2910 plurimum
2080 2871 2158 2912 pro

1284 2919 1460 2959 arbitrio
1491 2919 1678 2960 deducta
1710 2929 1999 2971 assumerent;
2043 2923 2158 2976 quod

1285 2984 1353 3022 vel
1375 2995 1426 3021 ex
1445 2984 1496 3021 iis
1515 2983 1695 3034 duobus,
1727 2996 1821 3036 quae
1843 2983 2054 3036 proferam
2086 2998 2159 3026 ex-

1287 3046 1438 3096 emplis
1458 3046 1702 3095 intelligere
1733 3048 1849 3088 licet.
1905 3048 1960 3089 Q.
1981 3047 2160 3088 Clodius

1289 3109 1658 3161 Hermogeniauus
1689 3110 1908 3161 Olybrius,
1940 3118 1984 3150 et
2018 3113 2161 3152 Falto-

1289 3175 1383 3212 nius
1403 3173 1569 3211 Probus
1591 3172 1774 3223 Alypius
1808 3172 2036 3212 Theodosii
2065 3184 2160 3213 aevo

1291 3234 1447 3274 fratres
1490 3233 1695 3282 fuerunt;
1737 3239 1782 3272 et
1813 3234 2028 3285 aliquanto
2061 3241 2163 3286 post

1291 3298 1424 3337 Flavii
1445 3297 1563 3335 Aviti
1595 3295 1838 3344 Mariniani,
1864 3296 1935 3346 qui
1970 3295 2164 3348 Asclepi-

1292 3361 1409 3400 odoti
1429 3358 1509 3397 fuit
1526 3359 1566 3398 in
1591 3358 1824 3397 Consulatu
1846 3358 2035 3409 Collega,
2053 3358 2163 3398 filius

1291 3427 1383 3461 erat
1415 3419 1562 3460 Rufius
1596 3421 1885 3460 Praetextatus
1918 3420 2162 3460 Posthumi·

1294 3498 1398 3527 auus
1417 3491 1461 3525 et
1481 3485 1571 3536 ipse
1594 3483 1766 3523 Consul.
