<?xml version="1.0" encoding="UTF-8"?>
<!DOCTYPE html PUBLIC "-//W3C//DTD XHTML 1.0 Transitional//EN"
    "http://www.w3.org/TR/xhtml1/DTD/xhtml1-transitional.dtd">
<html xmlns="http://www.w3.org/1999/xhtml" xml:lang="en" lang="en">
 <head>
  <title>
</title>
<meta http-equiv="Content-Type" content="text/html;charset=utf-8" />
  <meta name='ocr-system' content='tesseract 3.04.00' />
  <meta name='ocr-capabilities' content='ocr_page ocr_carea ocr_par ocr_line ocrx_word'/>
</head>
<body>
  <div class='ocr_page' id='page_1' title='image "./factorumdictorum01valeuoft_0215.png"; bbox 0 0 2352 4022; ppageno 0'>
   <div class='ocr_carea' id='block_1_1' title="bbox 723 297 2001 350">
    <p class='ocr_par' dir='ltr' id='par_1_1' title="bbox 723 297 2001 350">
     <span class='ocr_line' id='line_1_1' title="bbox 723 297 2001 350; baseline 0.007 -8"><span class='ocrx_word' id='word_1_1' title='bbox 723 304 857 343; x_wconf 81' lang='lat' dir='ltr'><strong>cAP.</strong></span> <span class='ocrx_word' id='word_1_2' title='bbox 887 304 994 342; x_wconf 82' lang='lat' dir='ltr'><strong>vn.</strong></span> <span class='ocrx_word' id='word_1_3' title='bbox 1034 305 1113 343; x_wconf 86' lang='lat' dir='ltr'><strong>DE</strong></span> <span class='ocrx_word' id='word_1_4' title='bbox 1153 303 1427 345; x_wconf 72' lang='lat' dir='ltr'><strong>somnus.</strong></span> <span class='ocrx_word' id='word_1_5' title='bbox 1896 297 2001 350; x_wconf 75' lang='lat'><strong>201</strong></span> 
     </span>
    </p>
   </div>
   <div class='ocr_carea' id='block_1_2' title="bbox 173 421 2003 1341">
    <p class='ocr_par' dir='ltr' id='par_1_2' title="bbox 176 421 2003 1086">
     <span class='ocr_line' id='line_1_2' title="bbox 183 421 2003 492; baseline 0.001 -15"><span class='ocrx_word' id='word_1_6' title='bbox 183 427 267 477; x_wconf 89' lang='lat' dir='ltr'><strong>ret</strong></span> <span class='ocrx_word' id='word_1_7' title='bbox 292 422 619 492; x_wconf 81' lang='lat' dir='ltr'><strong>SyracusaS,</strong></span> <span class='ocrx_word' id='word_1_8' title='bbox 645 421 787 475; x_wconf 88' lang='lat' dir='ltr'><strong>inter</strong></span> <span class='ocrx_word' id='word_1_9' title='bbox 830 421 1106 475; x_wconf 88' lang='lat' dir='ltr'><strong>somnium</strong></span> <span class='ocrx_word' id='word_1_10' title='bbox 1124 428 1168 462; x_wconf 88' lang='lat'><strong>⁷²</strong></span> <span class='ocrx_word' id='word_1_11' title='bbox 1206 423 1507 476; x_wconf 70' lang='lat' dir='ltr'><strong>exaudisse</strong></span> <span class='ocrx_word' id='word_1_12' title='bbox 1533 439 1729 477; x_wconf 91' lang='lat' dir='ltr'><strong>vocem</strong></span> <span class='ocrx_word' id='word_1_13' title='bbox 1768 425 2003 479; x_wconf 89' lang='lat' dir='ltr'><strong>credidit</strong></span> 
     </span>
     <span class='ocr_line' id='line_1_3' title="bbox 180 508 2003 575; baseline 0.002 -15"><span class='ocrx_word' id='word_1_14' title='bbox 180 508 538 571; x_wconf 83' lang='lat' dir='ltr'>nuntiantem,</span> <span class='ocrx_word' id='word_1_15' title='bbox 574 508 832 572; x_wconf 86' lang='lat' dir='ltr'><strong>futurum,</strong></span> <span class='ocrx_word' id='word_1_16' title='bbox 874 513 938 559; x_wconf 88' lang='lat' dir='ltr'><strong>ut</strong></span> <span class='ocrx_word' id='word_1_17' title='bbox 963 508 1220 575; x_wconf 87' lang='lat' dir='ltr'><strong>proximo</strong></span> <span class='ocrx_word' id='word_1_18' title='bbox 1249 508 1340 560; x_wconf 92' lang='lat' dir='ltr'><strong>die</strong></span> <span class='ocrx_word' id='word_1_19' title='bbox 1368 509 1426 560; x_wconf 90' lang='lat' dir='ltr'><strong>in</strong></span> <span class='ocrx_word' id='word_1_20' title='bbox 1461 525 1530 561; x_wconf 87' lang='lat' dir='ltr'><strong>ea</strong></span> <span class='ocrx_word' id='word_1_21' title='bbox 1569 510 1701 562; x_wconf 91' lang='lat' dir='ltr'><strong>urbe</strong></span> <span class='ocrx_word' id='word_1_22' title='bbox 1739 517 2003 563; x_wconf 88' lang='lat' dir='ltr'><strong>coenaret.</strong></span> 
     </span>
     <span class='ocr_line' id='line_1_4' title="bbox 180 592 2002 662; baseline 0.001 -17"><span class='ocrx_word' id='word_1_23' title='bbox 180 592 373 646; x_wconf 87' lang='lat' dir='ltr'><strong>Laetus</strong></span> <span class='ocrx_word' id='word_1_24' title='bbox 410 593 595 661; x_wconf 86' lang='lat' dir='ltr'><strong>igitur,</strong></span> <span class='ocrx_word' id='word_1_25' title='bbox 619 593 851 661; x_wconf 84' lang='lat' dir='ltr'><strong>perinde</strong></span> <span class='ocrx_word' id='word_1_26' title='bbox 877 609 943 646; x_wconf 86' lang='lat' dir='ltr'><strong>ac</strong></span> <span class='ocrx_word' id='word_1_27' title='bbox 969 593 1235 647; x_wconf 89' lang='lat' dir='ltr'><strong>divinitus</strong></span> <span class='ocrx_word' id='word_1_28' title='bbox 1261 595 1546 662; x_wconf 88' lang='lat' dir='ltr'><strong>promissa</strong></span> <span class='ocrx_word' id='word_1_29' title='bbox 1569 596 1822 658; x_wconf 86' lang='lat' dir='ltr'><strong>victoria,</strong></span> <span class='ocrx_word' id='word_1_30' title='bbox 1846 612 2002 647; x_wconf 86' lang='lat' dir='ltr'><strong>exer-</strong></span> 
     </span>
     <span class='ocr_line' id='line_1_5' title="bbox 179 677 2003 749; baseline 0 -19"><span class='ocrx_word' id='word_1_31' title='bbox 179 678 356 730; x_wconf 88' lang='lat' dir='ltr'><strong>citum</strong></span> <span class='ocrx_word' id='word_1_32' title='bbox 379 695 580 746; x_wconf 80' lang='lat' dir='ltr'><strong>pugnae</strong></span> <span class='ocrx_word' id='word_1_33' title='bbox 607 678 1008 746; x_wconf 85' lang='lat' dir='ltr'><strong>comparabat:</strong></span> <span class='ocrx_word' id='word_1_34' title='bbox 1034 677 1092 729; x_wconf 91' lang='lat' dir='ltr'><strong>in</strong></span> <span class='ocrx_word' id='word_1_35' title='bbox 1109 694 1221 746; x_wconf 92' lang='lat' dir='ltr'><strong>quo</strong></span> <span class='ocrx_word' id='word_1_36' title='bbox 1247 678 1392 749; x_wconf 77' lang='lat' dir='ltr'><strong>inter</strong></span> <span class='ocrx_word' id='word_1_37' title='bbox 1418 680 1637 733; x_wconf 91' lang='lat' dir='ltr'><strong>Siculos</strong></span> <span class='ocrx_word' id='word_1_38' title='bbox 1657 678 1678 710; x_wconf 68' lang='lat' dir='ltr'><strong>b</strong></span> <span class='ocrx_word' id='word_1_39' title='bbox 1703 685 1762 732; x_wconf 89' lang='lat' dir='ltr'><strong>et</strong></span> <span class='ocrx_word' id='word_1_40' title='bbox 1788 679 2003 731; x_wconf 88' lang='lat' dir='ltr'><strong>Poenos</strong></span> 
     </span>
     <span class='ocr_line' id='line_1_6' title="bbox 181 761 2003 834; baseline 0.001 -19"><span class='ocrx_word' id='word_1_41' title='bbox 181 767 305 816; x_wconf 88' lang='lat' dir='ltr'><strong>orta</strong></span> <span class='ocrx_word' id='word_1_42' title='bbox 330 762 691 827; x_wconf 88' lang='lat' dir='ltr'><strong>dissensione,</strong></span> <span class='ocrx_word' id='word_1_43' title='bbox 718 763 917 815; x_wconf 89' lang='lat' dir='ltr'><strong>castris</strong></span> <span class='ocrx_word' id='word_1_44' title='bbox 945 761 1066 831; x_wconf 85' lang='lat' dir='ltr'><strong>ejus</strong></span> <span class='ocrx_word' id='word_1_45' title='bbox 1090 763 1431 831; x_wconf 81' lang='lat' dir='ltr'><strong>Syracusani</strong></span> <span class='ocrx_word' id='word_1_46' title='bbox 1460 767 1644 820; x_wconf 89' lang='lat' dir='ltr'><strong>subita</strong></span> <span class='ocrx_word' id='word_1_47' title='bbox 1667 766 2003 834; x_wconf 75' lang='lat' dir='ltr'><strong>irruptionec</strong></span> 
     </span>
     <span class='ocr_line' id='line_1_7' title="bbox 180 846 2000 919; baseline 0.001 -20"><span class='ocrx_word' id='word_1_48' title='bbox 180 846 489 916; x_wconf 81' lang='lat' dir='ltr'><strong>oppressiS,</strong></span> <span class='ocrx_word' id='word_1_49' title='bbox 525 846 708 916; x_wconf 91' lang='lat' dir='ltr'><strong>ipsum</strong></span> <span class='ocrx_word' id='word_1_50' title='bbox 741 846 886 899; x_wconf 87' lang='lat' dir='ltr'><strong>intra</strong></span> <span class='ocrx_word' id='word_1_51' title='bbox 924 847 1128 899; x_wconf 87' lang='lat' dir='ltr'><strong>moenia</strong></span> <span class='ocrx_word' id='word_1_52' title='bbox 1168 865 1272 901; x_wconf 88' lang='lat' dir='ltr'><strong>sua</strong></span> <span class='ocrx_word' id='word_1_53' title='bbox 1310 850 1553 903; x_wconf 88' lang='lat' dir='ltr'><strong>vinctum</strong></span> <span class='ocrx_word' id='word_1_54' title='bbox 1597 854 2000 919; x_wconf 86' lang='lat' dir='ltr'><strong>pertraxerunt.</strong></span> 
     </span>
     <span class='ocr_line' id='line_1_8' title="bbox 178 930 2002 1002; baseline 0.002 -19"><span class='ocrx_word' id='word_1_55' title='bbox 178 930 378 999; x_wconf 86' lang='lat' dir='ltr'><strong>Itaque</strong></span> <span class='ocrx_word' id='word_1_56' title='bbox 401 932 579 999; x_wconf 86' lang='lat' dir='ltr'><strong>magis</strong></span> <span class='ocrx_word' id='word_1_57' title='bbox 604 938 768 999; x_wconf 84' lang='lat' dir='ltr'><strong>spe,⁷³</strong></span> <span class='ocrx_word' id='word_1_58' title='bbox 808 947 974 1000; x_wconf 90' lang='lat' dir='ltr'><strong>quam</strong></span> <span class='ocrx_word' id='word_1_59' title='bbox 1000 932 1235 996; x_wconf 90' lang='lat' dir='ltr'><strong>somni0,</strong></span> <span class='ocrx_word' id='word_1_60' title='bbox 1279 933 1565 1002; x_wconf 84' lang='lat' dir='ltr'><strong>deceptuS,</strong></span> <span class='ocrx_word' id='word_1_61' title='bbox 1610 935 1862 988; x_wconf 85' lang='lat' dir='ltr'><strong>coenavit</strong></span> <span class='ocrx_word' id='word_1_62' title='bbox 1899 935 2002 1002; x_wconf 85' lang='lat' dir='ltr'><strong>Sy-</strong></span> 
     </span>
     <span class='ocr_line' id='line_1_9' title="bbox 176 1009 1881 1086; baseline 0.001 -17"><span class='ocrx_word' id='word_1_63' title='bbox 176 1017 391 1069; x_wconf 87' lang='lat' dir='ltr'><strong>racusis</strong></span> <span class='ocrx_word' id='word_1_64' title='bbox 415 1017 719 1084; x_wconf 79' lang='lat' dir='ltr'><strong>captiVuS‚‘¹</strong></span> <span class='ocrx_word' id='word_1_65' title='bbox 754 1033 879 1080; x_wconf 92' lang='lat' dir='ltr'><strong>non,</strong></span> <span class='ocrx_word' id='word_1_66' title='bbox 902 1022 968 1069; x_wconf 87' lang='lat' dir='ltr'><strong>ut</strong></span> <span class='ocrx_word' id='word_1_67' title='bbox 992 1018 1176 1070; x_wconf 88' lang='lat' dir='ltr'><strong>animo</strong></span> <span class='ocrx_word' id='word_1_68' title='bbox 1199 1027 1611 1086; x_wconf 80' lang='lat' dir='ltr'><strong>praesumserat,</strong></span> <span class='ocrx_word' id='word_1_69' title='bbox 1637 1009 1881 1072; x_wconf 74' lang='lat' dir='ltr'><strong>victor.*.</strong></span> 
     </span>
    </p>

    <p class='ocr_par' dir='ltr' id='par_1_3' title="bbox 173 1099 2001 1341">
     <span class='ocr_line' id='line_1_10' title="bbox 247 1099 2000 1170; baseline 0.001 -16"><span class='ocrx_word' id='word_1_70' title='bbox 247 1102 300 1154; x_wconf 90' lang='lat'><strong>9.</strong></span> <span class='ocrx_word' id='word_1_71' title='bbox 341 1099 668 1154; x_wconf 88' lang='lat' dir='ltr'><strong>Alcibiades</strong></span> <span class='ocrx_word' id='word_1_72' title='bbox 686 1109 704 1131; x_wconf 56' lang='grc' dir='ltr'>Ε</span> <span class='ocrx_word' id='word_1_73' title='bbox 742 1118 965 1170; x_wconf 92' lang='lat' dir='ltr'><strong>quoque</strong></span> <span class='ocrx_word' id='word_1_74' title='bbox 987 1103 1357 1156; x_wconf 87' lang='lat' dir='ltr'><strong>miserabilem</strong></span> <span class='ocrx_word' id='word_1_75' title='bbox 1384 1105 1597 1156; x_wconf 87' lang='lat' dir='ltr'><strong>exitum</strong></span> <span class='ocrx_word' id='word_1_76' title='bbox 1617 1102 1635 1133; x_wconf 83' lang='lat' dir='ltr'>f</span> <span class='ocrx_word' id='word_1_77' title='bbox 1667 1121 1830 1156; x_wconf 91' lang='lat' dir='ltr'><strong>suum</strong></span> <span class='ocrx_word' id='word_1_78' title='bbox 1850 1103 2000 1156; x_wconf 90' lang='lat' dir='ltr'><strong>haud</strong></span> 
     </span>
     <span class='ocr_line' id='line_1_11' title="bbox 173 1185 2001 1259; baseline 0.001 -22"><span class='ocrx_word' id='word_1_79' title='bbox 173 1185 364 1240; x_wconf 86' lang='lat' dir='ltr'><strong>fallaci</strong></span> <span class='ocrx_word' id='word_1_80' title='bbox 378 1191 426 1227; x_wconf 84' lang='lat'><strong>⁷4</strong></span> <span class='ocrx_word' id='word_1_81' title='bbox 459 1191 729 1240; x_wconf 86' lang='lat' dir='ltr'><strong>nocturna</strong></span> <span class='ocrx_word' id='word_1_82' title='bbox 753 1187 991 1255; x_wconf 85' lang='lat' dir='ltr'><strong>imagine</strong></span> <span class='ocrx_word' id='word_1_83' title='bbox 1017 1187 1346 1255; x_wconf 87' lang='lat' dir='ltr'><strong>speculatus</strong></span> <span class='ocrx_word' id='word_1_84' title='bbox 1371 1194 1476 1240; x_wconf 89' lang='lat' dir='ltr'><strong>est.</strong></span> <span class='ocrx_word' id='word_1_85' title='bbox 1552 1187 1682 1252; x_wconf 82' lang='lat' dir='ltr'><strong>Quo</strong></span> <span class='ocrx_word' id='word_1_86' title='bbox 1705 1189 1851 1259; x_wconf 48' lang='lat' dir='ltr'><strong>en&#39;km</strong></span> <span class='ocrx_word' id='word_1_87' title='bbox 1879 1188 2001 1256; x_wconf 89' lang='lat' dir='ltr'><strong>pal-</strong></span> 
     </span>
     <span class='ocr_line' id='line_1_12' title="bbox 174 1271 2000 1341; baseline 0 -17"><span class='ocrx_word' id='word_1_88' title='bbox 174 1271 252 1325; x_wconf 92' lang='lat' dir='ltr'><strong>lio</strong></span> <span class='ocrx_word' id='word_1_89' title='bbox 277 1273 472 1326; x_wconf 83' lang='lat' dir='ltr'><strong>amicae</strong></span> <span class='ocrx_word' id='word_1_90' title='bbox 498 1288 618 1325; x_wconf 86' lang='lat' dir='ltr'><strong>suae</strong></span> <span class='ocrx_word' id='word_1_91' title='bbox 645 1272 921 1324; x_wconf 89' lang='lat' dir='ltr'><strong>dormiens</strong></span> <span class='ocrx_word' id='word_1_92' title='bbox 948 1277 1201 1341; x_wconf 89' lang='lat' dir='ltr'><strong>opertum</strong></span> <span class='ocrx_word' id='word_1_93' title='bbox 1228 1290 1289 1326; x_wconf 91' lang='lat' dir='ltr'><strong>se</strong></span> <span class='ocrx_word' id='word_1_94' title='bbox 1315 1274 1548 1338; x_wconf 87' lang='lat' dir='ltr'><strong>viderat,</strong></span> <span class='ocrx_word' id='word_1_95' title='bbox 1585 1290 1651 1326; x_wconf 92' lang='lat' dir='ltr'><strong>eo</strong></span> <span class='ocrx_word' id='word_1_96' title='bbox 1685 1272 2000 1326; x_wconf 85' lang='lat' dir='ltr'><strong>interfectus</strong></span> 
     </span>
    </p>
   </div>
   <div class='ocr_carea' id='block_1_3' title="bbox 180 1356 1250 1426">
    <p class='ocr_par' dir='ltr' id='par_1_4' title="bbox 180 1356 1250 1426">
     <span class='ocr_line' id='line_1_13' title="bbox 180 1356 1250 1426; baseline -0.002 -16"><span class='ocrx_word' id='word_1_97' title='bbox 180 1361 236 1410; x_wconf 91' lang='lat' dir='ltr'><strong>et</strong></span> <span class='ocrx_word' id='word_1_98' title='bbox 258 1356 568 1426; x_wconf 83' lang='lat' dir='ltr'><strong>insepultus</strong></span> <span class='ocrx_word' id='word_1_99' title='bbox 582 1356 781 1426; x_wconf 89' lang='lat' dir='ltr'><strong>jacens</strong></span> <span class='ocrx_word' id='word_1_100' title='bbox 805 1362 1091 1411; x_wconf 88' lang='lat' dir='ltr'><strong>contectus</strong></span> <span class='ocrx_word' id='word_1_101' title='bbox 1117 1363 1250 1411; x_wconf 84' lang='lat' dir='ltr'><strong>est.g</strong></span> 
     </span>
    </p>
   </div>
   <div class='ocr_carea' id='block_1_4' title="bbox 938 1478 1235 1494">
    <p class='ocr_par' dir='ltr' id='par_1_5' title="bbox 938 1478 1235 1494">
     <span class='ocr_line' id='line_1_14' title="bbox 938 1478 1235 1494; baseline 0 0"><span class='ocrx_word' id='word_1_102' title='bbox 938 1478 1235 1494; x_wconf 59' lang='lat' dir='ltr'><strong>OOOOOOOOOOOO</strong></span> 
     </span>
    </p>
   </div>
   <div class='ocr_carea' id='block_1_5' title="bbox 127 1547 2000 1978">
    <p class='ocr_par' dir='ltr' id='par_1_6' title="bbox 127 1547 2000 1978">
     <span class='ocr_line' id='line_1_15' title="bbox 173 1547 1999 1600; baseline -0.001 -12"><span class='ocrx_word' id='word_1_103' title='bbox 173 1547 325 1588; x_wconf 73' lang='lat' dir='ltr'><strong>ensium</strong></span> <span class='ocrx_word' id='word_1_104' title='bbox 342 1547 668 1588; x_wconf 78' lang='lat' dir='ltr'><strong>exhibent.—&#39;72</strong></span> <span class='ocrx_word' id='word_1_105' title='bbox 694 1547 858 1588; x_wconf 86' lang='lat' dir='ltr'><strong>Brand.</strong></span> <span class='ocrx_word' id='word_1_106' title='bbox 879 1551 916 1588; x_wconf 94' lang='lat'><strong>1.</strong></span> <span class='ocrx_word' id='word_1_107' title='bbox 934 1551 974 1588; x_wconf 88' lang='grc'><strong>2.</strong></span> <span class='ocrx_word' id='word_1_108' title='bbox 1001 1553 1046 1588; x_wconf 89' lang='lat' dir='ltr'><strong>et</strong></span> <span class='ocrx_word' id='word_1_109' title='bbox 1066 1548 1187 1599; x_wconf 85' lang='lat' dir='ltr'><strong>Mog.</strong></span> <span class='ocrx_word' id='word_1_110' title='bbox 1217 1547 1320 1588; x_wconf 77' lang='lat' dir='ltr'><strong>inter</strong></span> <span class='ocrx_word' id='word_1_111' title='bbox 1348 1560 1538 1599; x_wconf 85' lang='lat' dir='ltr'><strong>somnum,</strong></span> <span class='ocrx_word' id='word_1_112' title='bbox 1565 1547 1781 1600; x_wconf 83' lang='lat' dir='ltr'><strong>probante</strong></span> <span class='ocrx_word' id='word_1_113' title='bbox 1799 1547 1999 1587; x_wconf 88' lang='lat' dir='ltr'><strong>Vorstio:</strong></span> 
     </span>
     <span class='ocr_line' id='line_1_16' title="bbox 171 1601 1999 1653; baseline -0.001 -12"><span class='ocrx_word' id='word_1_114' title='bbox 171 1601 278 1642; x_wconf 73' lang='lat' dir='ltr'><strong>inter</strong></span> <span class='ocrx_word' id='word_1_115' title='bbox 294 1602 484 1642; x_wconf 78' lang='lat' dir='ltr'><strong>somnium</strong></span> <span class='ocrx_word' id='word_1_116' title='bbox 503 1606 717 1642; x_wconf 84' lang='lat' dir='ltr'><strong>testantur</strong></span> <span class='ocrx_word' id='word_1_117' title='bbox 740 1601 832 1641; x_wconf 85' lang='lat' dir='ltr'><strong>aliae</strong></span> <span class='ocrx_word' id='word_1_118' title='bbox 866 1606 974 1642; x_wconf 88' lang='lat' dir='ltr'><strong>vett.</strong></span> <span class='ocrx_word' id='word_1_119' title='bbox 1010 1613 1106 1641; x_wconf 91' lang='lat' dir='ltr'><strong>cum</strong></span> <span class='ocrx_word' id='word_1_120' title='bbox 1141 1602 1294 1653; x_wconf 82' lang='lat' dir='ltr'><strong>viginti</strong></span> <span class='ocrx_word' id='word_1_121' title='bbox 1330 1603 1603 1642; x_wconf 85' lang='lat' dir='ltr'><strong>Torrenianis</strong></span> <span class='ocrx_word' id='word_1_122' title='bbox 1636 1601 1762 1641; x_wconf 86' lang='lat' dir='ltr'><strong>codd.</strong></span> <span class='ocrx_word' id='word_1_123' title='bbox 1822 1601 1999 1653; x_wconf 86' lang='lat' dir='ltr'><strong>Pighius</strong></span> 
     </span>
     <span class='ocr_line' id='line_1_17' title="bbox 127 1654 2000 1707; baseline 0 -13"><span class='ocrx_word' id='word_1_124' title='bbox 127 1656 133 1660; x_wconf 79' lang='grc'><strong>”</strong></span> <span class='ocrx_word' id='word_1_125' title='bbox 173 1656 328 1695; x_wconf 77' lang='lat' dir='ltr'><strong>audisse</strong></span> <span class='ocrx_word' id='word_1_126' title='bbox 345 1667 423 1707; x_wconf 88' lang='lat' dir='ltr'><strong>pro</strong></span> <span class='ocrx_word' id='word_1_127' title='bbox 442 1655 646 1695; x_wconf 78' lang='lat' dir='ltr'><strong>exaudisse</strong></span> <span class='ocrx_word' id='word_1_128' title='bbox 665 1660 817 1695; x_wconf 88' lang='lat' dir='ltr'><strong>contra</strong></span> <span class='ocrx_word' id='word_1_129' title='bbox 834 1667 979 1696; x_wconf 91' lang='lat' dir='ltr'><strong>omnes</strong></span> <span class='ocrx_word' id='word_1_130' title='bbox 1000 1654 1126 1694; x_wconf 89' lang='lat' dir='ltr'><strong>codd.</strong></span> <span class='ocrx_word' id='word_1_131' title='bbox 1149 1662 1194 1695; x_wconf 89' lang='lat' dir='ltr'><strong>et</strong></span> <span class='ocrx_word' id='word_1_132' title='bbox 1225 1656 1325 1696; x_wconf 87' lang='lat' dir='ltr'><strong>edd.</strong></span> <span class='ocrx_word' id='word_1_133' title='bbox 1358 1660 1576 1696; x_wconf 63' lang='lat' dir='ltr'><strong>vem—73</strong></span> <span class='ocrx_word' id='word_1_134' title='bbox 1606 1656 1747 1707; x_wconf 78' lang='lat' dir='ltr'><strong>Itaque</strong></span> <span class='ocrx_word' id='word_1_135' title='bbox 1777 1667 1842 1706; x_wconf 83' lang='lat' dir='ltr'><strong>spe</strong></span> <span class='ocrx_word' id='word_1_136' title='bbox 1870 1655 2000 1704; x_wconf 79' lang='lat' dir='ltr'><strong>magis</strong></span> 
     </span>
     <span class='ocr_line' id='line_1_18' title="bbox 172 1708 1999 1760; baseline -0.001 -12"><span class='ocrx_word' id='word_1_137' title='bbox 172 1708 514 1760; x_wconf 64' lang='lat' dir='ltr'><strong>in&#39;quibusdam:</strong></span> <span class='ocrx_word' id='word_1_138' title='bbox 549 1710 593 1748; x_wconf 90' lang='lat' dir='ltr'><strong>in</strong></span> <span class='ocrx_word' id='word_1_139' title='bbox 612 1709 728 1749; x_wconf 86' lang='lat' dir='ltr'><strong>aliis:</strong></span> <span class='ocrx_word' id='word_1_140' title='bbox 763 1710 831 1749; x_wconf 81' lang='lat' dir='ltr'><strong>Ita</strong></span> <span class='ocrx_word' id='word_1_141' title='bbox 862 1721 930 1760; x_wconf 86' lang='lat' dir='ltr'><strong>spe</strong></span> <span class='ocrx_word' id='word_1_142' title='bbox 955 1709 1207 1758; x_wconf 80' lang='lat' dir='ltr'><strong>mugis.—74</strong></span> <span class='ocrx_word' id='word_1_143' title='bbox 1235 1711 1340 1750; x_wconf 89' lang='lat' dir='ltr'><strong>Vet.</strong></span> <span class='ocrx_word' id='word_1_144' title='bbox 1369 1711 1441 1750; x_wconf 80' lang='lat' dir='ltr'><strong>hac</strong></span> <span class='ocrx_word' id='word_1_145' title='bbox 1461 1710 1631 1759; x_wconf 83' lang='lat' dir='ltr'><strong>fallaci:</strong></span> <span class='ocrx_word' id='word_1_146' title='bbox 1658 1709 1819 1760; x_wconf 84' lang='lat' dir='ltr'><strong>Ultraj.</strong></span> <span class='ocrx_word' id='word_1_147' title='bbox 1841 1711 1878 1747; x_wconf 89' lang='lat'><strong>1.</strong></span> <span class='ocrx_word' id='word_1_148' title='bbox 1908 1721 1999 1748; x_wconf 84' lang='lat' dir='ltr'><strong>noc-</strong></span> 
     </span>
     <span class='ocr_line' id='line_1_19' title="bbox 173 1762 1999 1815; baseline 0.001 -15"><span class='ocrx_word' id='word_1_149' title='bbox 173 1766 292 1801; x_wconf 79' lang='lat' dir='ltr'><strong>tuma</strong></span> <span class='ocrx_word' id='word_1_150' title='bbox 309 1763 453 1803; x_wconf 78' lang='lat' dir='ltr'><strong>visione</strong></span> <span class='ocrx_word' id='word_1_151' title='bbox 470 1763 684 1815; x_wconf 78' lang='lat' dir='ltr'><strong>speculatus</strong></span> <span class='ocrx_word' id='word_1_152' title='bbox 701 1765 773 1803; x_wconf 80' lang='lat' dir='ltr'><strong>est.</strong></span> <span class='ocrx_word' id='word_1_153' title='bbox 832 1764 918 1802; x_wconf 84' lang='lat' dir='ltr'><strong>Pro</strong></span> <span class='ocrx_word' id='word_1_154' title='bbox 946 1775 988 1802; x_wconf 89' lang='lat' dir='ltr'><strong>eo</strong></span> <span class='ocrx_word' id='word_1_155' title='bbox 1014 1762 1249 1812; x_wconf 81' lang='lat' dir='ltr'><strong>interfectus</strong></span> <span class='ocrx_word' id='word_1_156' title='bbox 1282 1776 1434 1803; x_wconf 87' lang='lat' dir='ltr'><strong>novem</strong></span> <span class='ocrx_word' id='word_1_157' title='bbox 1470 1764 1593 1804; x_wconf 88' lang='lat' dir='ltr'><strong>codd.</strong></span> <span class='ocrx_word' id='word_1_158' title='bbox 1625 1763 1785 1803; x_wconf 88' lang='lat' dir='ltr'><strong>habent</strong></span> <span class='ocrx_word' id='word_1_159' title='bbox 1815 1767 1999 1811; x_wconf 87' lang='lat' dir='ltr'><strong>tantum,</strong></span> 
     </span>
     <span class='ocr_line' id='line_1_20' title="bbox 171 1815 1997 1868; baseline 0.001 -14"><span class='ocrx_word' id='word_1_160' title='bbox 171 1815 401 1864; x_wconf 73' lang='lat' dir='ltr'><strong>iuter-sectus</strong></span> <span class='ocrx_word' id='word_1_161' title='bbox 414 1831 430 1865; x_wconf 85' lang='lat'><strong>‚-</strong></span> <span class='ocrx_word' id='word_1_162' title='bbox 458 1823 575 1867; x_wconf 86' lang='lat' dir='ltr'><strong>octo,</strong></span> <span class='ocrx_word' id='word_1_163' title='bbox 600 1818 729 1856; x_wconf 85' lang='lat' dir='ltr'><strong>eodem</strong></span> <span class='ocrx_word' id='word_1_164' title='bbox 744 1816 986 1865; x_wconf 79' lang='lat' dir='ltr'><strong>interfectus.</strong></span> <span class='ocrx_word' id='word_1_165' title='bbox 1044 1817 1132 1856; x_wconf 86' lang='lat' dir='ltr'><strong>Pro</strong></span> <span class='ocrx_word' id='word_1_166' title='bbox 1150 1822 1349 1858; x_wconf 76' lang='lat' dir='ltr'><strong>contectus</strong></span> <span class='ocrx_word' id='word_1_167' title='bbox 1367 1822 1426 1858; x_wconf 79' lang='lat' dir='ltr'><strong>est</strong></span> <span class='ocrx_word' id='word_1_168' title='bbox 1447 1817 1569 1858; x_wconf 85' lang='lat' dir='ltr'><strong>Leid.</strong></span> <span class='ocrx_word' id='word_1_169' title='bbox 1591 1821 1632 1857; x_wconf 88' lang='grc'><strong>7.</strong></span> <span class='ocrx_word' id='word_1_170' title='bbox 1662 1820 1820 1868; x_wconf 73' lang='lat' dir='ltr'><strong>opertus</strong></span> <span class='ocrx_word' id='word_1_171' title='bbox 1851 1820 1923 1866; x_wconf 81' lang='lat' dir='ltr'><strong>est,</strong></span> <span class='ocrx_word' id='word_1_172' title='bbox 1952 1823 1997 1855; x_wconf 84' lang='lat' dir='ltr'><strong>et</strong></span> 
     </span>
     <span class='ocr_line' id='line_1_21' title="bbox 172 1870 1997 1923; baseline 0 -15"><span class='ocrx_word' id='word_1_173' title='bbox 172 1881 252 1921; x_wconf 91' lang='lat' dir='ltr'><strong>pro</strong></span> <span class='ocrx_word' id='word_1_174' title='bbox 285 1881 325 1909; x_wconf 84' lang='lat' dir='ltr'><strong>v.</strong></span> <span class='ocrx_word' id='word_1_175' title='bbox 357 1870 384 1911; x_wconf 94' lang='lat' dir='ltr'><strong>l.</strong></span> <span class='ocrx_word' id='word_1_176' title='bbox 417 1874 611 1910; x_wconf 75' lang='lat' dir='ltr'><strong>contectus</strong></span> <span class='ocrx_word' id='word_1_177' title='bbox 641 1874 727 1917; x_wconf 83' lang='lat' dir='ltr'><strong>est;</strong></span> <span class='ocrx_word' id='word_1_178' title='bbox 756 1871 879 1910; x_wconf 90' lang='lat' dir='ltr'><strong>Leid.</strong></span> <span class='ocrx_word' id='word_1_179' title='bbox 912 1873 953 1910; x_wconf 84' lang='lat'><strong>2.</strong></span> <span class='ocrx_word' id='word_1_180' title='bbox 981 1875 1199 1922; x_wconf 80' lang='lat' dir='ltr'><strong>compertus</strong></span> <span class='ocrx_word' id='word_1_181' title='bbox 1231 1875 1304 1921; x_wconf 80' lang='lat' dir='ltr'><strong>est,</strong></span> <span class='ocrx_word' id='word_1_182' title='bbox 1333 1883 1549 1923; x_wconf 84' lang='lat' dir='ltr'><strong>suprascr.</strong></span> <span class='ocrx_word' id='word_1_183' title='bbox 1568 1871 1649 1921; x_wconf 75' lang='lat' dir='ltr'><strong>jec.</strong></span> <span class='ocrx_word' id='word_1_184' title='bbox 1679 1876 1725 1910; x_wconf 90' lang='lat' dir='ltr'><strong>et</strong></span> <span class='ocrx_word' id='word_1_185' title='bbox 1746 1882 1822 1920; x_wconf 86' lang='lat' dir='ltr'><strong>pro</strong></span> <span class='ocrx_word' id='word_1_186' title='bbox 1855 1870 1997 1921; x_wconf 85' lang='lat' dir='ltr'><strong>glossa</strong></span> 
     </span>
     <span class='ocr_line' id='line_1_22' title="bbox 172 1921 1994 1978; baseline 0.001 -16"><span class='ocrx_word' id='word_1_187' title='bbox 172 1921 405 1976; x_wconf 88' lang='lat' dir='ltr'><strong>adjectum,</strong></span> <span class='ocrx_word' id='word_1_188' title='bbox 433 1928 648 1976; x_wconf 78' lang='lat' dir='ltr'><strong>coopertus.</strong></span> <span class='ocrx_word' id='word_1_189' title='bbox 715 1924 867 1964; x_wconf 82' lang='lat' dir='ltr'><strong>Totum</strong></span> <span class='ocrx_word' id='word_1_190' title='bbox 894 1924 973 1965; x_wconf 91' lang='lat' dir='ltr'><strong>hoc</strong></span> <span class='ocrx_word' id='word_1_191' title='bbox 1004 1925 1250 1978; x_wconf 90' lang='lat' dir='ltr'><strong>exemplum</strong></span> <span class='ocrx_word' id='word_1_192' title='bbox 1284 1924 1431 1966; x_wconf 84' lang='lat' dir='ltr'><strong>deficit</strong></span> <span class='ocrx_word' id='word_1_193' title='bbox 1463 1927 1509 1966; x_wconf 92' lang='lat' dir='ltr'><strong>in</strong></span> <span class='ocrx_word' id='word_1_194' title='bbox 1543 1924 1709 1966; x_wconf 88' lang='lat' dir='ltr'><strong>duobus</strong></span> <span class='ocrx_word' id='word_1_195' title='bbox 1737 1924 1994 1964; x_wconf 67' lang='lat' dir='ltr'><strong>Ehem—75</strong></span> 
     </span>
    </p>
   </div>
   <div class='ocr_carea' id='block_1_6' title="bbox 987 2020 1168 2061">
    <p class='ocr_par' dir='ltr' id='par_1_7' title="bbox 987 2020 1168 2061">
     <span class='ocr_line' id='line_1_23' title="bbox 987 2020 1168 2061; baseline 0.006 -1"><span class='ocrx_word' id='word_1_196' title='bbox 987 2020 1168 2061; x_wconf 83' lang='lat' dir='ltr'>NOTAE</span> 
     </span>
    </p>
   </div>
   <div class='ocr_carea' id='block_1_7' title="bbox 1118 2097 1995 2156">
    <p class='ocr_par' dir='ltr' id='par_1_8' title="bbox 1118 2097 1995 2156">
     <span class='ocr_line' id='line_1_24' title="bbox 1118 2097 1995 2156; baseline -0.007 -14"><span class='ocrx_word' id='word_1_197' title='bbox 1118 2102 1324 2154; x_wconf 89' lang='lat' dir='ltr'><strong>rissimus,</strong></span> <span class='ocrx_word' id='word_1_198' title='bbox 1356 2102 1427 2156; x_wconf 87' lang='lat' dir='ltr'><strong>qui</strong></span> <span class='ocrx_word' id='word_1_199' title='bbox 1459 2113 1556 2142; x_wconf 91' lang='lat' dir='ltr'><strong>cum</strong></span> <span class='ocrx_word' id='word_1_200' title='bbox 1580 2113 1605 2142; x_wconf 86' lang='lat' dir='ltr'><strong>a</strong></span> <span class='ocrx_word' id='word_1_201' title='bbox 1634 2112 1770 2154; x_wconf 88' lang='lat' dir='ltr'><strong>puero</strong></span> <span class='ocrx_word' id='word_1_202' title='bbox 1799 2102 1913 2139; x_wconf 86' lang='lat' dir='ltr'><strong>esset</strong></span> <span class='ocrx_word' id='word_1_203' title='bbox 1940 2097 1995 2138; x_wconf 88' lang='lat' dir='ltr'><strong>ad</strong></span> 
     </span>
    </p>
   </div>
   <div class='ocr_carea' id='block_1_8' title="bbox 171 2098 1994 2218">
    <p class='ocr_par' dir='ltr' id='par_1_9' title="bbox 171 2098 1994 2218">
     <span class='ocr_line' id='line_1_25' title="bbox 171 2098 1052 2154; baseline 0.002 -15"><span class='ocrx_word' id='word_1_204' title='bbox 171 2103 240 2139; x_wconf 85' lang='lat' dir='ltr'><strong>tus</strong></span> <span class='ocrx_word' id='word_1_205' title='bbox 257 2099 311 2139; x_wconf 88' lang='lat' dir='ltr'><strong>ad</strong></span> <span class='ocrx_word' id='word_1_206' title='bbox 331 2098 624 2141; x_wconf 84' lang='lat' dir='ltr'><strong>Alexandrum</strong></span> <span class='ocrx_word' id='word_1_207' title='bbox 652 2102 858 2154; x_wconf 82' lang='lat' dir='ltr'><strong>Magnum</strong></span> <span class='ocrx_word' id='word_1_208' title='bbox 887 2101 1052 2154; x_wconf 85' lang='lat' dir='ltr'><strong>missus,</strong></span> 
     </span>
     <span class='ocr_line' id='line_1_26' title="bbox 1117 2162 1994 2218; baseline -0.007 -11"><span class='ocrx_word' id='word_1_209' title='bbox 1117 2167 1363 2218; x_wconf 88' lang='lat' dir='ltr'><strong>voluptates</strong></span> <span class='ocrx_word' id='word_1_210' title='bbox 1395 2165 1643 2218; x_wconf 86' lang='lat' dir='ltr'><strong>proclivior,</strong></span> <span class='ocrx_word' id='word_1_211' title='bbox 1669 2178 1694 2205; x_wconf 90' lang='lat' dir='ltr'><strong>a</strong></span> <span class='ocrx_word' id='word_1_212' title='bbox 1727 2165 1905 2205; x_wconf 89' lang='lat' dir='ltr'><strong>Socrate</strong></span> <span class='ocrx_word' id='word_1_213' title='bbox 1940 2162 1994 2202; x_wconf 89' lang='lat' dir='ltr'><strong>ad</strong></span> 
     </span>
    </p>
   </div>
   <div class='ocr_carea' id='block_1_9' title="bbox 170 2162 1048 2214">
    <p class='ocr_par' dir='ltr' id='par_1_10' title="bbox 170 2162 1048 2214">
     <span class='ocr_line' id='line_1_27' title="bbox 170 2162 1048 2214; baseline 0.003 -12"><span class='ocrx_word' id='word_1_214' title='bbox 170 2167 269 2214; x_wconf 87' lang='lat' dir='ltr'><strong>post</strong></span> <span class='ocrx_word' id='word_1_215' title='bbox 313 2162 497 2203; x_wconf 87' lang='lat' dir='ltr'><strong>reditum</strong></span> <span class='ocrx_word' id='word_1_216' title='bbox 534 2176 560 2204; x_wconf 90' lang='lat' dir='ltr'><strong>a</strong></span> <span class='ocrx_word' id='word_1_217' title='bbox 598 2164 683 2204; x_wconf 86' lang='lat' dir='ltr'><strong>suis</strong></span> <span class='ocrx_word' id='word_1_218' title='bbox 729 2168 908 2204; x_wconf 81' lang='lat' dir='ltr'><strong>necatus</strong></span> <span class='ocrx_word' id='word_1_219' title='bbox 953 2170 1048 2205; x_wconf 89' lang='lat' dir='ltr'><strong>est:</strong></span> 
     </span>
    </p>
   </div>
   <div class='ocr_carea' id='block_1_10' title="bbox 159 2218 1048 3610">
    <p class='ocr_par' dir='ltr' id='par_1_11' title="bbox 164 2218 1048 2648">
     <span class='ocr_line' id='line_1_28' title="bbox 169 2218 1048 2280; baseline 0.002 -14"><span class='ocrx_word' id='word_1_220' title='bbox 169 2230 345 2279; x_wconf 82' lang='lat' dir='ltr'><strong>quartus</strong></span> <span class='ocrx_word' id='word_1_221' title='bbox 357 2218 783 2280; x_wconf 48' lang='lat' dir='ltr'><strong>juvit&#39;Agathoclen,</strong></span> <span class='ocrx_word' id='word_1_222' title='bbox 802 2232 849 2267; x_wconf 90' lang='lat' dir='ltr'><strong>ut</strong></span> <span class='ocrx_word' id='word_1_223' title='bbox 868 2227 1048 2279; x_wconf 88' lang='lat' dir='ltr'><strong>Syracu-</strong></span> 
     </span>
     <span class='ocr_line' id='line_1_29' title="bbox 168 2289 1048 2344; baseline 0.001 -14"><span class='ocrx_word' id='word_1_224' title='bbox 168 2289 226 2330; x_wconf 85' lang='lat' dir='ltr'><strong>sis</strong></span> <span class='ocrx_word' id='word_1_225' title='bbox 256 2302 396 2330; x_wconf 89' lang='lat' dir='ltr'><strong>rerum</strong></span> <span class='ocrx_word' id='word_1_226' title='bbox 431 2292 666 2343; x_wconf 87' lang='lat' dir='ltr'><strong>potiretur:</strong></span> <span class='ocrx_word' id='word_1_227' title='bbox 694 2291 866 2344; x_wconf 91' lang='lat' dir='ltr'><strong>quintus</strong></span> <span class='ocrx_word' id='word_1_228' title='bbox 897 2290 1048 2331; x_wconf 84' lang='lat' dir='ltr'><strong>Gisco-</strong></span> 
     </span>
     <span class='ocr_line' id='line_1_30' title="bbox 167 2352 1047 2407; baseline 0.002 -15"><span class='ocrx_word' id='word_1_229' title='bbox 167 2352 233 2392; x_wconf 87' lang='lat' dir='ltr'><strong>nis</strong></span> <span class='ocrx_word' id='word_1_230' title='bbox 259 2352 387 2405; x_wconf 85' lang='lat' dir='ltr'><strong>filius,</strong></span> <span class='ocrx_word' id='word_1_231' title='bbox 403 2353 458 2394; x_wconf 88' lang='lat' dir='ltr'><strong>de</strong></span> <span class='ocrx_word' id='word_1_232' title='bbox 489 2366 574 2407; x_wconf 92' lang='lat' dir='ltr'><strong>quo</strong></span> <span class='ocrx_word' id='word_1_233' title='bbox 605 2354 674 2394; x_wconf 90' lang='lat' dir='ltr'><strong>hic</strong></span> <span class='ocrx_word' id='word_1_234' title='bbox 703 2354 868 2404; x_wconf 87' lang='lat' dir='ltr'><strong>agitur:</strong></span> <span class='ocrx_word' id='word_1_235' title='bbox 897 2359 1047 2394; x_wconf 87' lang='lat' dir='ltr'><strong>sextus</strong></span> 
     </span>
     <span class='ocr_line' id='line_1_31' title="bbox 165 2418 1045 2472; baseline 0 -14"><span class='ocrx_word' id='word_1_236' title='bbox 165 2418 405 2459; x_wconf 87' lang='lat' dir='ltr'><strong>Barchinus</strong></span> <span class='ocrx_word' id='word_1_237' title='bbox 420 2422 544 2472; x_wconf 84' lang='lat' dir='ltr'><strong>pater</strong></span> <span class='ocrx_word' id='word_1_238' title='bbox 557 2418 812 2459; x_wconf 88' lang='lat' dir='ltr'><strong>Hannibalis</strong></span> <span class='ocrx_word' id='word_1_239' title='bbox 831 2434 840 2457; x_wconf 71' lang='grc' dir='ltr'>ε</span> <span class='ocrx_word' id='word_1_240' title='bbox 873 2418 1045 2458; x_wconf 88' lang='lat' dir='ltr'><strong>ultimus</strong></span> 
     </span>
     <span class='ocr_line' id='line_1_32' title="bbox 165 2481 1045 2535; baseline 0 -13"><span class='ocrx_word' id='word_1_241' title='bbox 165 2481 390 2523; x_wconf 77' lang='lat' dir='ltr'><strong>Hamilcar</strong></span> <span class='ocrx_word' id='word_1_242' title='bbox 405 2482 493 2534; x_wconf 83' lang='lat' dir='ltr'><strong>ille,</strong></span> <span class='ocrx_word' id='word_1_243' title='bbox 521 2482 608 2535; x_wconf 85' lang='lat' dir='ltr'><strong>qui,</strong></span> <span class='ocrx_word' id='word_1_244' title='bbox 638 2481 736 2522; x_wconf 91' lang='lat' dir='ltr'><strong>dum</strong></span> <span class='ocrx_word' id='word_1_245' title='bbox 753 2481 902 2522; x_wconf 86' lang='lat' dir='ltr'><strong>Gallos</strong></span> <span class='ocrx_word' id='word_1_246' title='bbox 922 2481 1045 2522; x_wconf 90' lang='lat' dir='ltr'><strong>Insu-</strong></span> 
     </span>
     <span class='ocr_line' id='line_1_33' title="bbox 164 2543 1044 2596; baseline 0.001 -12"><span class='ocrx_word' id='word_1_247' title='bbox 164 2543 264 2585; x_wconf 86' lang='lat' dir='ltr'><strong>bres</strong></span> <span class='ocrx_word' id='word_1_248' title='bbox 282 2543 350 2586; x_wconf 39' lang='lat' dir='ltr'><strong>*ad</strong></span> <span class='ocrx_word' id='word_1_249' title='bbox 378 2545 535 2586; x_wconf 85' lang='lat' dir='ltr'><strong>bellum</strong></span> <span class='ocrx_word' id='word_1_250' title='bbox 565 2545 773 2596; x_wconf 87' lang='lat' dir='ltr'><strong>concitat,</strong></span> <span class='ocrx_word' id='word_1_251' title='bbox 799 2557 825 2584; x_wconf 90' lang='lat' dir='ltr'><strong>a</strong></span> <span class='ocrx_word' id='word_1_252' title='bbox 843 2545 893 2586; x_wconf 90' lang='lat' dir='ltr'><strong>L.</strong></span> <span class='ocrx_word' id='word_1_253' title='bbox 916 2545 1044 2585; x_wconf 88' lang='lat' dir='ltr'><strong>Furio</strong></span> 
     </span>
     <span class='ocr_line' id='line_1_34' title="bbox 166 2608 689 2648; baseline 0.002 -1"><span class='ocrx_word' id='word_1_254' title='bbox 166 2612 211 2647; x_wconf 83' lang='lat' dir='ltr'><strong>et</strong></span> <span class='ocrx_word' id='word_1_255' title='bbox 231 2608 373 2648; x_wconf 83' lang='lat' dir='ltr'><strong>victus</strong></span> <span class='ocrx_word' id='word_1_256' title='bbox 393 2613 439 2648; x_wconf 88' lang='lat' dir='ltr'><strong>et</strong></span> <span class='ocrx_word' id='word_1_257' title='bbox 456 2620 590 2648; x_wconf 81' lang='lat' dir='ltr'><strong>caesus</strong></span> <span class='ocrx_word' id='word_1_258' title='bbox 609 2613 689 2648; x_wconf 89' lang='lat' dir='ltr'><strong>est.</strong></span> 
     </span>
    </p>

    <p class='ocr_par' dir='ltr' id='par_1_12' title="bbox 160 2667 1046 3284">
     <span class='ocr_line' id='line_1_35' title="bbox 216 2667 1046 2723; baseline 0 -13"><span class='ocrx_word' id='word_1_259' title='bbox 216 2667 237 2696; x_wconf 64' lang='lat' dir='ltr'><strong>b</strong></span> <span class='ocrx_word' id='word_1_260' title='bbox 263 2670 376 2710; x_wconf 80' lang='lat' dir='ltr'><strong>Inter</strong></span> <span class='ocrx_word' id='word_1_261' title='bbox 410 2669 582 2723; x_wconf 75' lang='lat' dir='ltr'><strong>Siculos]</strong></span> <span class='ocrx_word' id='word_1_262' title='bbox 607 2671 689 2712; x_wconf 87' lang='lat' dir='ltr'><strong>Qui</strong></span> <span class='ocrx_word' id='word_1_263' title='bbox 721 2683 746 2710; x_wconf 89' lang='lat' dir='ltr'><strong>a</strong></span> <span class='ocrx_word' id='word_1_264' title='bbox 778 2669 1046 2723; x_wconf 85' lang='lat' dir='ltr'><strong>Carthagini·</strong></span> 
     </span>
     <span class='ocr_line' id='line_1_36' title="bbox 163 2733 1016 2787; baseline 0 -13"><span class='ocrx_word' id='word_1_265' title='bbox 163 2733 335 2774; x_wconf 75' lang='lat' dir='ltr'><strong>ensibus</strong></span> <span class='ocrx_word' id='word_1_266' title='bbox 355 2738 507 2775; x_wconf 90' lang='lat' dir='ltr'><strong>contra</strong></span> <span class='ocrx_word' id='word_1_267' title='bbox 526 2734 810 2787; x_wconf 86' lang='lat' dir='ltr'><strong>Agathoclem</strong></span> <span class='ocrx_word' id='word_1_268' title='bbox 830 2734 1016 2775; x_wconf 88' lang='lat' dir='ltr'><strong>stabant.</strong></span> 
     </span>
     <span class='ocr_line' id='line_1_37' title="bbox 175 2797 1043 2852; baseline -0.003 -13"><span class='ocrx_word' id='word_1_269' title='bbox 175 2806 178 2811; x_wconf 86' lang='lat'>&#39;</span> <span class='ocrx_word' id='word_1_270' title='bbox 216 2803 236 2824; x_wconf 77' lang='lat'><strong>⁰</strong></span> <span class='ocrx_word' id='word_1_271' title='bbox 261 2797 404 2839; x_wconf 76' lang='lat' dir='ltr'><strong>Subita</strong></span> <span class='ocrx_word' id='word_1_272' title='bbox 414 2798 651 2852; x_wconf 74' lang='lat' dir='ltr'><strong>irruptione]</strong></span> <span class='ocrx_word' id='word_1_273' title='bbox 675 2798 960 2851; x_wconf 83' lang='lat' dir='ltr'><strong>Syracusanos</strong></span> <span class='ocrx_word' id='word_1_274' title='bbox 989 2809 1043 2837; x_wconf 84' lang='lat' dir='ltr'><strong>ex</strong></span> 
     </span>
     <span class='ocr_line' id='line_1_38' title="bbox 164 2860 1040 2914; baseline 0.001 -13"><span class='ocrx_word' id='word_1_275' title='bbox 164 2860 394 2913; x_wconf 86' lang='lat' dir='ltr'><strong>improviso</strong></span> <span class='ocrx_word' id='word_1_276' title='bbox 414 2861 573 2903; x_wconf 85' lang='lat' dir='ltr'><strong>adoriri</strong></span> <span class='ocrx_word' id='word_1_277' title='bbox 603 2862 703 2902; x_wconf 91' lang='lat' dir='ltr'><strong>dum</strong></span> <span class='ocrx_word' id='word_1_278' title='bbox 731 2868 937 2914; x_wconf 86' lang='lat' dir='ltr'><strong>properat</strong></span> <span class='ocrx_word' id='word_1_279' title='bbox 963 2862 1040 2902; x_wconf 87' lang='lat' dir='ltr'><strong>im-</strong></span> 
     </span>
     <span class='ocr_line' id='line_1_39' title="bbox 163 2924 1040 2978; baseline 0.001 -14"><span class='ocrx_word' id='word_1_280' title='bbox 163 2924 446 2978; x_wconf 85' lang='lat' dir='ltr'><strong>prudentius;</strong></span> <span class='ocrx_word' id='word_1_281' title='bbox 501 2925 730 2966; x_wconf 87' lang='lat' dir='ltr'><strong>Antander</strong></span> <span class='ocrx_word' id='word_1_282' title='bbox 773 2925 1040 2977; x_wconf 83' lang='lat' dir='ltr'><strong>Agathoclis,</strong></span> 
     </span>
     <span class='ocr_line' id='line_1_40' title="bbox 163 2987 1040 3041; baseline 0.001 -14"><span class='ocrx_word' id='word_1_283' title='bbox 163 2987 236 3041; x_wconf 88' lang='lat' dir='ltr'><strong>qui</strong></span> <span class='ocrx_word' id='word_1_284' title='bbox 255 2992 344 3028; x_wconf 90' lang='lat' dir='ltr'><strong>tum</strong></span> <span class='ocrx_word' id='word_1_285' title='bbox 363 2988 528 3039; x_wconf 82' lang='lat' dir='ltr'><strong>aberat,</strong></span> <span class='ocrx_word' id='word_1_286' title='bbox 542 2987 675 3029; x_wconf 88' lang='lat' dir='ltr'><strong>frater</strong></span> <span class='ocrx_word' id='word_1_287' title='bbox 686 2988 861 3029; x_wconf 89' lang='lat' dir='ltr'><strong>structis</strong></span> <span class='ocrx_word' id='word_1_288' title='bbox 875 2989 1040 3028; x_wconf 90' lang='lat' dir='ltr'><strong>insidiis</strong></span> 
     </span>
     <span class='ocr_line' id='line_1_41' title="bbox 161 3052 1039 3105; baseline -0.001 -12"><span class='ocrx_word' id='word_1_289' title='bbox 161 3052 204 3092; x_wconf 90' lang='lat' dir='ltr'><strong>in</strong></span> <span class='ocrx_word' id='word_1_290' title='bbox 242 3065 339 3093; x_wconf 89' lang='lat' dir='ltr'><strong>eum</strong></span> <span class='ocrx_word' id='word_1_291' title='bbox 371 3053 511 3105; x_wconf 86' lang='lat' dir='ltr'><strong>irruit,</strong></span> <span class='ocrx_word' id='word_1_292' title='bbox 538 3059 583 3093; x_wconf 88' lang='lat' dir='ltr'><strong>et</strong></span> <span class='ocrx_word' id='word_1_293' title='bbox 617 3052 776 3105; x_wconf 82' lang='lat' dir='ltr'><strong>fugatis</strong></span> <span class='ocrx_word' id='word_1_294' title='bbox 811 3053 920 3104; x_wconf 86' lang='lat' dir='ltr'><strong>aliis,</strong></span> <span class='ocrx_word' id='word_1_295' title='bbox 947 3053 1039 3092; x_wconf 89' lang='lat' dir='ltr'><strong>aliis</strong></span> 
     </span>
     <span class='ocr_line' id='line_1_42' title="bbox 161 3116 1042 3170; baseline 0 -14"><span class='ocrx_word' id='word_1_296' title='bbox 161 3117 329 3170; x_wconf 89' lang='lat' dir='ltr'><strong>occisis,</strong></span> <span class='ocrx_word' id='word_1_297' title='bbox 358 3117 582 3158; x_wconf 86' lang='lat' dir='ltr'><strong>Hamilcar</strong></span> <span class='ocrx_word' id='word_1_298' title='bbox 600 3117 708 3169; x_wconf 88' lang='lat' dir='ltr'><strong>ipse,</strong></span> <span class='ocrx_word' id='word_1_299' title='bbox 739 3117 838 3157; x_wconf 90' lang='lat' dir='ltr'><strong>dum</strong></span> <span class='ocrx_word' id='word_1_300' title='bbox 870 3116 1042 3157; x_wconf 84' lang='lat' dir='ltr'><strong>fortiter</strong></span> 
     </span>
     <span class='ocr_line' id='line_1_43' title="bbox 160 3179 1041 3234; baseline 0.002 -14"><span class='ocrx_word' id='word_1_301' title='bbox 160 3179 352 3234; x_wconf 83' lang='lat' dir='ltr'><strong>dimicat,</strong></span> <span class='ocrx_word' id='word_1_302' title='bbox 388 3182 511 3222; x_wconf 87' lang='lat' dir='ltr'><strong>vivus</strong></span> <span class='ocrx_word' id='word_1_303' title='bbox 545 3181 730 3234; x_wconf 86' lang='lat' dir='ltr'><strong>capitur.</strong></span> <span class='ocrx_word' id='word_1_304' title='bbox 799 3181 908 3221; x_wconf 83' lang='lat' dir='ltr'><strong>Haec</strong></span> <span class='ocrx_word' id='word_1_305' title='bbox 947 3180 1041 3222; x_wconf 87' lang='lat' dir='ltr'><strong>fere</strong></span> 
     </span>
     <span class='ocr_line' id='line_1_44' title="bbox 160 3242 292 3284; baseline 0.015 -2"><span class='ocrx_word' id='word_1_306' title='bbox 160 3242 292 3284; x_wconf 88' lang='lat' dir='ltr'><strong>Diod.</strong></span> 
     </span>
    </p>

    <p class='ocr_par' dir='ltr' id='par_1_13' title="bbox 159 3303 1038 3420">
     <span class='ocr_line' id='line_1_45' title="bbox 213 3303 1038 3360; baseline 0.002 -15"><span class='ocrx_word' id='word_1_307' title='bbox 213 3303 233 3332; x_wconf 80' lang='lat'><strong>‘¹</strong></span> <span class='ocrx_word' id='word_1_308' title='bbox 263 3306 471 3359; x_wconf 75' lang='lat' dir='ltr'><strong>captivus]</strong></span> <span class='ocrx_word' id='word_1_309' title='bbox 499 3308 667 3348; x_wconf 86' lang='lat' dir='ltr'><strong>Ductus</strong></span> <span class='ocrx_word' id='word_1_310' title='bbox 698 3319 774 3360; x_wconf 84' lang='lat' dir='ltr'><strong>per</strong></span> <span class='ocrx_word' id='word_1_311' title='bbox 797 3307 943 3347; x_wconf 86' lang='lat' dir='ltr'><strong>urbem</strong></span> <span class='ocrx_word' id='word_1_312' title='bbox 964 3319 1038 3347; x_wconf 84' lang='lat' dir='ltr'><strong>ex-</strong></span> 
     </span>
     <span class='ocr_line' id='line_1_46' title="bbox 159 3367 984 3420; baseline 0.002 -13"><span class='ocrx_word' id='word_1_313' title='bbox 159 3367 445 3420; x_wconf 81' lang='lat' dir='ltr'><strong>quisitissimis</strong></span> <span class='ocrx_word' id='word_1_314' title='bbox 464 3370 686 3411; x_wconf 84' lang='lat' dir='ltr'><strong>tormentis</strong></span> <span class='ocrx_word' id='word_1_315' title='bbox 705 3376 881 3411; x_wconf 89' lang='lat' dir='ltr'><strong>necatus</strong></span> <span class='ocrx_word' id='word_1_316' title='bbox 902 3376 984 3411; x_wconf 85' lang='lat' dir='ltr'><strong>est.</strong></span> 
     </span>
    </p>

    <p class='ocr_par' dir='ltr' id='par_1_14' title="bbox 162 3429 1036 3537">
     <span class='ocr_line' id='line_1_47' title="bbox 214 3429 1036 3474; baseline 0.004 -3"><span class='ocrx_word' id='word_1_317' title='bbox 214 3430 239 3453; x_wconf 81' lang='lat'><em>*</em></span> <span class='ocrx_word' id='word_1_318' title='bbox 267 3429 350 3472; x_wconf 86' lang='lat' dir='ltr'><strong>An.</strong></span> <span class='ocrx_word' id='word_1_319' title='bbox 367 3431 432 3472; x_wconf 90' lang='lat' dir='ltr'><strong>M.</strong></span> <span class='ocrx_word' id='word_1_320' title='bbox 451 3435 572 3472; x_wconf 79' lang='lat'><strong>3757.</strong></span> <span class='ocrx_word' id='word_1_321' title='bbox 630 3433 705 3473; x_wconf 92' lang='lat' dir='ltr'><strong>Ol.</strong></span> <span class='ocrx_word' id='word_1_322' title='bbox 724 3437 817 3474; x_wconf 88' lang='grc'><strong>120.</strong></span> <span class='ocrx_word' id='word_1_323' title='bbox 837 3437 876 3474; x_wconf 80' lang='grc'><strong>4.</strong></span> <span class='ocrx_word' id='word_1_324' title='bbox 929 3432 1036 3474; x_wconf 88' lang='lat' dir='ltr'><strong>Urb.</strong></span> 
     </span>
     <span class='ocr_line' id='line_1_48' title="bbox 162 3493 682 3537; baseline 0.004 -2"><span class='ocrx_word' id='word_1_325' title='bbox 162 3495 210 3535; x_wconf 90' lang='lat' dir='ltr'><strong>C.</strong></span> <span class='ocrx_word' id='word_1_326' title='bbox 231 3495 326 3534; x_wconf 79' lang='lat'><strong>456.</strong></span> <span class='ocrx_word' id='word_1_327' title='bbox 374 3493 475 3535; x_wconf 82' lang='lat' dir='ltr'><strong>Ant.</strong></span> <span class='ocrx_word' id='word_1_328' title='bbox 493 3496 571 3536; x_wconf 85' lang='lat' dir='ltr'><strong>Ch.</strong></span> <span class='ocrx_word' id='word_1_329' title='bbox 588 3500 682 3537; x_wconf 88' lang='grc'><strong>296.</strong></span> 
     </span>
    </p>

    <p class='ocr_par' dir='ltr' id='par_1_15' title="bbox 216 3556 1033 3610">
     <span class='ocr_line' id='line_1_49' title="bbox 216 3556 1033 3610; baseline 0.004 -13"><span class='ocrx_word' id='word_1_330' title='bbox 216 3563 233 3582; x_wconf 70' lang='lat'><strong>²</strong></span> <span class='ocrx_word' id='word_1_331' title='bbox 248 3556 489 3610; x_wconf 80' lang='lat' dir='ltr'><strong>Alcibiades]</strong></span> <span class='ocrx_word' id='word_1_332' title='bbox 504 3560 604 3599; x_wconf 89' lang='lat' dir='ltr'><strong>Dux</strong></span> <span class='ocrx_word' id='word_1_333' title='bbox 621 3558 937 3601; x_wconf 81' lang='lat' dir='ltr'><strong>Atheniensium</strong></span> <span class='ocrx_word' id='word_1_334' title='bbox 951 3560 1033 3601; x_wconf 87' lang='lat' dir='ltr'><strong>cla-</strong></span> 
     </span>
    </p>
   </div>
   <div class='ocr_carea' id='block_1_11' title="bbox 1106 2225 1995 3479">
    <p class='ocr_par' dir='ltr' id='par_1_16' title="bbox 1114 2225 1995 2345">
     <span class='ocr_line' id='line_1_50' title="bbox 1115 2225 1995 2281; baseline -0.005 -12"><span class='ocrx_word' id='word_1_335' title='bbox 1115 2230 1331 2269; x_wconf 87' lang='lat' dir='ltr'><strong>meliorem</strong></span> <span class='ocrx_word' id='word_1_336' title='bbox 1375 2228 1545 2281; x_wconf 84' lang='lat' dir='ltr'><strong>frugem</strong></span> <span class='ocrx_word' id='word_1_337' title='bbox 1591 2232 1816 2269; x_wconf 89' lang='lat' dir='ltr'><strong>revocatus</strong></span> <span class='ocrx_word' id='word_1_338' title='bbox 1863 2225 1995 2266; x_wconf 87' lang='lat' dir='ltr'><strong>multa</strong></span> 
     </span>
     <span class='ocr_line' id='line_1_51' title="bbox 1114 2292 1484 2345; baseline -0.005 -12"><span class='ocrx_word' id='word_1_339' title='bbox 1114 2293 1322 2345; x_wconf 86' lang='lat' dir='ltr'><strong>praeclare</strong></span> <span class='ocrx_word' id='word_1_340' title='bbox 1340 2292 1484 2344; x_wconf 88' lang='lat' dir='ltr'><strong>gessit.</strong></span> 
     </span>
    </p>

    <p class='ocr_par' dir='ltr' id='par_1_17' title="bbox 1106 2351 1994 3347">
     <span class='ocr_line' id='line_1_52' title="bbox 1167 2351 1994 2406; baseline -0.005 -11"><span class='ocrx_word' id='word_1_341' title='bbox 1167 2351 1185 2381; x_wconf 76' lang='lat'><strong><em>¹</em></strong></span> <span class='ocrx_word' id='word_1_342' title='bbox 1197 2355 1467 2395; x_wconf 82' lang='lat' dir='ltr'><strong>Miserabilem</strong></span> <span class='ocrx_word' id='word_1_343' title='bbox 1483 2354 1654 2406; x_wconf 83' lang='lat' dir='ltr'><strong>exitum]</strong></span> <span class='ocrx_word' id='word_1_344' title='bbox 1674 2351 1858 2394; x_wconf 85' lang='lat' dir='ltr'><strong>Athenis</strong></span> <span class='ocrx_word' id='word_1_345' title='bbox 1875 2365 1900 2392; x_wconf 89' lang='lat' dir='ltr'><strong>a</strong></span> <span class='ocrx_word' id='word_1_346' title='bbox 1914 2352 1994 2404; x_wconf 91' lang='lat' dir='ltr'><strong>Ly-</strong></span> 
     </span>
     <span class='ocr_line' id='line_1_53' title="bbox 1112 2414 1992 2470; baseline -0.005 -13"><span class='ocrx_word' id='word_1_347' title='bbox 1112 2417 1267 2458; x_wconf 87' lang='lat' dir='ltr'><strong>sandro</strong></span> <span class='ocrx_word' id='word_1_348' title='bbox 1287 2417 1427 2470; x_wconf 87' lang='lat' dir='ltr'><strong>captis</strong></span> <span class='ocrx_word' id='word_1_349' title='bbox 1457 2417 1502 2456; x_wconf 91' lang='lat' dir='ltr'><strong>iu</strong></span> <span class='ocrx_word' id='word_1_350' title='bbox 1532 2416 1763 2468; x_wconf 85' lang='lat' dir='ltr'><strong>Phrygiam</strong></span> <span class='ocrx_word' id='word_1_351' title='bbox 1784 2414 1837 2454; x_wconf 86' lang='lat' dir='ltr'><strong>ad</strong></span> <span class='ocrx_word' id='word_1_352' title='bbox 1860 2415 1992 2455; x_wconf 87' lang='lat' dir='ltr'><strong>Phar-</strong></span> 
     </span>
     <span class='ocr_line' id='line_1_54' title="bbox 1112 2477 1993 2532; baseline -0.003 -12"><span class='ocrx_word' id='word_1_353' title='bbox 1112 2480 1316 2520; x_wconf 83' lang='lat' dir='ltr'><strong>nabasum</strong></span> <span class='ocrx_word' id='word_1_354' title='bbox 1335 2479 1500 2532; x_wconf 84' lang='lat' dir='ltr'><strong>fugerat</strong></span> <span class='ocrx_word' id='word_1_355' title='bbox 1517 2492 1530 2529; x_wconf 94' lang='lat'>;</span> <span class='ocrx_word' id='word_1_356' title='bbox 1560 2491 1657 2519; x_wconf 92' lang='lat' dir='ltr'><strong>cum</strong></span> <span class='ocrx_word' id='word_1_357' title='bbox 1678 2477 1900 2531; x_wconf 84' lang='lat' dir='ltr'><strong>Lysander</strong></span> <span class='ocrx_word' id='word_1_358' title='bbox 1919 2477 1993 2517; x_wconf 79' lang='lat' dir='ltr'><strong>ad-</strong></span> 
     </span>
     <span class='ocr_line' id='line_1_55' title="bbox 1111 2541 1990 2584; baseline -0.005 -1"><span class='ocrx_word' id='word_1_359' title='bbox 1111 2543 1297 2584; x_wconf 88' lang='lat' dir='ltr'><strong>monitus</strong></span> <span class='ocrx_word' id='word_1_360' title='bbox 1318 2555 1343 2582; x_wconf 87' lang='lat' dir='ltr'><strong>a</strong></span> <span class='ocrx_word' id='word_1_361' title='bbox 1361 2542 1498 2582; x_wconf 87' lang='lat' dir='ltr'><strong>Critia</strong></span> <span class='ocrx_word' id='word_1_362' title='bbox 1516 2541 1618 2581; x_wconf 90' lang='lat' dir='ltr'><strong>nihil</strong></span> <span class='ocrx_word' id='word_1_363' title='bbox 1650 2541 1710 2581; x_wconf 88' lang='lat' dir='ltr'><strong>ibi</strong></span> <span class='ocrx_word' id='word_1_364' title='bbox 1743 2541 1990 2581; x_wconf 87' lang='lat' dir='ltr'><strong>diuturnum</strong></span> 
     </span>
     <span class='ocr_line' id='line_1_56' title="bbox 1111 2604 1994 2657; baseline -0.001 -12"><span class='ocrx_word' id='word_1_365' title='bbox 1111 2605 1223 2657; x_wconf 75' lang='lat' dir='ltr'><strong>fore,</strong></span> <span class='ocrx_word' id='word_1_366' title='bbox 1247 2606 1348 2646; x_wconf 89' lang='lat' dir='ltr'><strong>dum</strong></span> <span class='ocrx_word' id='word_1_367' title='bbox 1369 2604 1619 2646; x_wconf 88' lang='lat' dir='ltr'><strong>Alcibiades</strong></span> <span class='ocrx_word' id='word_1_368' title='bbox 1640 2604 1830 2645; x_wconf 85' lang='lat' dir='ltr'><strong>viveret:</strong></span> <span class='ocrx_word' id='word_1_369' title='bbox 1863 2605 1994 2653; x_wconf 81' lang='lat' dir='ltr'><strong>misit,</strong></span> 
     </span>
     <span class='ocr_line' id='line_1_57' title="bbox 1111 2667 1991 2721; baseline -0.002 -13"><span class='ocrx_word' id='word_1_370' title='bbox 1111 2669 1185 2721; x_wconf 85' lang='lat' dir='ltr'><strong>qui</strong></span> <span class='ocrx_word' id='word_1_371' title='bbox 1204 2680 1301 2708; x_wconf 92' lang='lat' dir='ltr'><strong>eum</strong></span> <span class='ocrx_word' id='word_1_372' title='bbox 1330 2679 1407 2707; x_wconf 90' lang='lat' dir='ltr'><strong>seu</strong></span> <span class='ocrx_word' id='word_1_373' title='bbox 1441 2667 1584 2707; x_wconf 88' lang='lat' dir='ltr'><strong>vivum</strong></span> <span class='ocrx_word' id='word_1_374' title='bbox 1613 2679 1689 2707; x_wconf 91' lang='lat' dir='ltr'><strong>seu</strong></span> <span class='ocrx_word' id='word_1_375' title='bbox 1720 2671 1931 2707; x_wconf 86' lang='lat' dir='ltr'><strong>mortuum</strong></span> <span class='ocrx_word' id='word_1_376' title='bbox 1966 2679 1991 2706; x_wconf 86' lang='lat' dir='ltr'><strong>a</strong></span> 
     </span>
     <span class='ocr_line' id='line_1_58' title="bbox 1110 2729 1991 2782; baseline -0.002 -11"><span class='ocrx_word' id='word_1_377' title='bbox 1110 2730 1389 2771; x_wconf 86' lang='lat' dir='ltr'><strong>Pharnabaso</strong></span> <span class='ocrx_word' id='word_1_378' title='bbox 1408 2729 1720 2782; x_wconf 83' lang='lat' dir='ltr'><strong>deposcerent:</strong></span> <span class='ocrx_word' id='word_1_379' title='bbox 1750 2741 1884 2782; x_wconf 89' lang='lat' dir='ltr'><strong>quare</strong></span> <span class='ocrx_word' id='word_1_380' title='bbox 1917 2729 1991 2769; x_wconf 89' lang='lat' dir='ltr'><strong>do·</strong></span> 
     </span>
     <span class='ocr_line' id='line_1_59' title="bbox 1111 2795 1989 2848; baseline -0.002 -12"><span class='ocrx_word' id='word_1_381' title='bbox 1111 2797 1215 2848; x_wconf 85' lang='lat' dir='ltr'><strong>mni,</strong></span> <span class='ocrx_word' id='word_1_382' title='bbox 1244 2796 1314 2836; x_wconf 91' lang='lat' dir='ltr'><strong>ubi</strong></span> <span class='ocrx_word' id='word_1_383' title='bbox 1353 2795 1557 2846; x_wconf 90' lang='lat' dir='ltr'><strong>cubabat,</strong></span> <span class='ocrx_word' id='word_1_384' title='bbox 1597 2795 1844 2847; x_wconf 86' lang='lat' dir='ltr'><strong>suppositus</strong></span> <span class='ocrx_word' id='word_1_385' title='bbox 1881 2795 1989 2847; x_wconf 84' lang='lat' dir='ltr'><strong>ignis</strong></span> 
     </span>
     <span class='ocr_line' id='line_1_60' title="bbox 1110 2858 1987 2910; baseline -0.002 -10"><span class='ocrx_word' id='word_1_386' title='bbox 1110 2866 1190 2901; x_wconf 91' lang='lat' dir='ltr'><strong>est.</strong></span> <span class='ocrx_word' id='word_1_387' title='bbox 1229 2860 1431 2899; x_wconf 86' lang='lat' dir='ltr'><strong>Flammae</strong></span> <span class='ocrx_word' id='word_1_388' title='bbox 1457 2863 1598 2898; x_wconf 89' lang='lat' dir='ltr'><strong>tamen</strong></span> <span class='ocrx_word' id='word_1_389' title='bbox 1619 2859 1803 2910; x_wconf 85' lang='lat' dir='ltr'><strong>strepitu</strong></span> <span class='ocrx_word' id='word_1_390' title='bbox 1826 2858 1987 2898; x_wconf 86' lang='lat' dir='ltr'><strong>excita-</strong></span> 
     </span>
     <span class='ocr_line' id='line_1_61' title="bbox 1108 2922 1988 2975; baseline -0.003 -11"><span class='ocrx_word' id='word_1_391' title='bbox 1108 2929 1178 2964; x_wconf 92' lang='lat' dir='ltr'><strong>tus</strong></span> <span class='ocrx_word' id='word_1_392' title='bbox 1198 2922 1448 2964; x_wconf 84' lang='lat' dir='ltr'><strong>Alcibiades</strong></span> <span class='ocrx_word' id='word_1_393' title='bbox 1467 2923 1511 2962; x_wconf 89' lang='lat' dir='ltr'><strong>in</strong></span> <span class='ocrx_word' id='word_1_394' title='bbox 1530 2923 1672 2975; x_wconf 85' lang='lat' dir='ltr'><strong>ignem</strong></span> <span class='ocrx_word' id='word_1_395' title='bbox 1692 2922 1872 2974; x_wconf 87' lang='lat' dir='ltr'><strong>primum</strong></span> <span class='ocrx_word' id='word_1_396' title='bbox 1892 2934 1988 2962; x_wconf 86' lang='lat' dir='ltr'><strong>ves·</strong></span> 
     </span>
     <span class='ocr_line' id='line_1_62' title="bbox 1109 2985 1985 3039; baseline -0.006 -11"><span class='ocrx_word' id='word_1_397' title='bbox 1109 2994 1175 3029; x_wconf 90' lang='lat' dir='ltr'><strong>tes</strong></span> <span class='ocrx_word' id='word_1_398' title='bbox 1194 2994 1240 3028; x_wconf 86' lang='lat' dir='ltr'><strong>et</strong></span> <span class='ocrx_word' id='word_1_399' title='bbox 1261 2988 1466 3039; x_wconf 87' lang='lat' dir='ltr'><strong>stragula,</strong></span> <span class='ocrx_word' id='word_1_400' title='bbox 1494 2986 1651 3026; x_wconf 87' lang='lat' dir='ltr'><strong>deinde</strong></span> <span class='ocrx_word' id='word_1_401' title='bbox 1679 2987 1863 3038; x_wconf 86' lang='lat' dir='ltr'><strong>seipsum</strong></span> <span class='ocrx_word' id='word_1_402' title='bbox 1883 2985 1985 3036; x_wconf 83' lang='lat' dir='ltr'><strong>deji-</strong></span> 
     </span>
     <span class='ocr_line' id='line_1_63' title="bbox 1108 3048 1986 3103; baseline -0.006 -12"><span class='ocrx_word' id='word_1_403' title='bbox 1108 3051 1195 3092; x_wconf 86' lang='lat' dir='ltr'><strong>cit:</strong></span> <span class='ocrx_word' id='word_1_404' title='bbox 1227 3063 1282 3091; x_wconf 83' lang='lat' dir='ltr'><strong>ex</strong></span> <span class='ocrx_word' id='word_1_405' title='bbox 1319 3063 1401 3103; x_wconf 93' lang='lat' dir='ltr'><strong>quo</strong></span> <span class='ocrx_word' id='word_1_406' title='bbox 1439 3051 1597 3091; x_wconf 86' lang='lat' dir='ltr'><strong>illaesus</strong></span> <span class='ocrx_word' id='word_1_407' title='bbox 1635 3062 1729 3089; x_wconf 91' lang='lat' dir='ltr'><strong>cum</strong></span> <span class='ocrx_word' id='word_1_408' title='bbox 1764 3048 1986 3097; x_wconf 86' lang='lat' dir='ltr'><strong>evasisset,</strong></span> 
     </span>
     <span class='ocr_line' id='line_1_64' title="bbox 1107 3111 1984 3164; baseline -0.008 -10"><span class='ocrx_word' id='word_1_409' title='bbox 1107 3114 1314 3154; x_wconf 87' lang='lat' dir='ltr'><strong>barbaros</strong></span> <span class='ocrx_word' id='word_1_410' title='bbox 1334 3113 1524 3154; x_wconf 87' lang='lat' dir='ltr'><strong>cominus</strong></span> <span class='ocrx_word' id='word_1_411' title='bbox 1539 3111 1742 3164; x_wconf 87' lang='lat' dir='ltr'><strong>congredi</strong></span> <span class='ocrx_word' id='word_1_412' title='bbox 1760 3122 1840 3149; x_wconf 91' lang='lat' dir='ltr'><strong>uon</strong></span> <span class='ocrx_word' id='word_1_413' title='bbox 1860 3122 1984 3149; x_wconf 84' lang='lat' dir='ltr'><strong>ausos</strong></span> 
     </span>
     <span class='ocr_line' id='line_1_65' title="bbox 1107 3173 1982 3231; baseline -0.009 -12"><span class='ocrx_word' id='word_1_414' title='bbox 1107 3178 1249 3231; x_wconf 88' lang='lat' dir='ltr'><strong>gladio</strong></span> <span class='ocrx_word' id='word_1_415' title='bbox 1283 3178 1480 3230; x_wconf 89' lang='lat' dir='ltr'><strong>dissipat,</strong></span> <span class='ocrx_word' id='word_1_416' title='bbox 1523 3181 1569 3216; x_wconf 88' lang='lat' dir='ltr'><strong>at</strong></span> <span class='ocrx_word' id='word_1_417' title='bbox 1615 3176 1782 3215; x_wconf 90' lang='lat' dir='ltr'><strong>illorum</strong></span> <span class='ocrx_word' id='word_1_418' title='bbox 1825 3173 1982 3224; x_wconf 90' lang='lat' dir='ltr'><strong>jaculis</strong></span> 
     </span>
     <span class='ocr_line' id='line_1_66' title="bbox 1107 3236 1981 3283; baseline -0.007 -1"><span class='ocrx_word' id='word_1_419' title='bbox 1107 3243 1270 3283; x_wconf 87' lang='lat' dir='ltr'><strong>eminus</strong></span> <span class='ocrx_word' id='word_1_420' title='bbox 1316 3240 1577 3283; x_wconf 85' lang='lat' dir='ltr'><strong>confoditur.</strong></span> <span class='ocrx_word' id='word_1_421' title='bbox 1648 3237 1719 3276; x_wconf 88' lang='lat' dir='ltr'><strong>Ita</strong></span> <span class='ocrx_word' id='word_1_422' title='bbox 1766 3236 1885 3275; x_wconf 92' lang='lat' dir='ltr'><strong>Plut.</strong></span> <span class='ocrx_word' id='word_1_423' title='bbox 1936 3242 1981 3276; x_wconf 88' lang='lat' dir='ltr'><strong>et</strong></span> 
     </span>
     <span class='ocr_line' id='line_1_67' title="bbox 1106 3307 1240 3347; baseline 0 0"><span class='ocrx_word' id='word_1_424' title='bbox 1106 3307 1240 3347; x_wconf 88' lang='lat' dir='ltr'><strong>Diod.</strong></span> 
     </span>
    </p>

    <p class='ocr_par' dir='ltr' id='par_1_18' title="bbox 1106 3364 1982 3479">
     <span class='ocr_line' id='line_1_68' title="bbox 1160 3364 1979 3416; baseline -0.01 -7"><span class='ocrx_word' id='word_1_425' title='bbox 1160 3376 1180 3404; x_wconf 67' lang='grc' dir='ltr'>Β</span> <span class='ocrx_word' id='word_1_426' title='bbox 1210 3370 1418 3408; x_wconf 73' lang='grc' dir='ltr'><strong><em>Οοηιεσιαε</em></strong></span> <span class='ocrx_word' id='word_1_427' title='bbox 1435 3365 1513 3416; x_wconf 83' lang='lat' dir='ltr'><strong>est]</strong></span> <span class='ocrx_word' id='word_1_428' title='bbox 1541 3364 1660 3404; x_wconf 89' lang='lat' dir='ltr'><strong>Illius</strong></span> <span class='ocrx_word' id='word_1_429' title='bbox 1681 3374 1836 3414; x_wconf 83' lang='lat' dir='ltr'><strong>corpus</strong></span> <span class='ocrx_word' id='word_1_430' title='bbox 1855 3374 1979 3415; x_wconf 89' lang='lat' dir='ltr'><strong>oper-</strong></span> 
     </span>
     <span class='ocr_line' id='line_1_69' title="bbox 1106 3426 1982 3479; baseline -0.008 -6"><span class='ocrx_word' id='word_1_431' title='bbox 1106 3437 1193 3473; x_wconf 91' lang='lat' dir='ltr'><strong>tum</strong></span> <span class='ocrx_word' id='word_1_432' title='bbox 1210 3436 1326 3471; x_wconf 88' lang='lat' dir='ltr'><strong>veste</strong></span> <span class='ocrx_word' id='word_1_433' title='bbox 1343 3443 1418 3471; x_wconf 87' lang='lat' dir='ltr'><strong>sua</strong></span> <span class='ocrx_word' id='word_1_434' title='bbox 1436 3427 1588 3469; x_wconf 85' lang='lat' dir='ltr'><strong>mulier</strong></span> <span class='ocrx_word' id='word_1_435' title='bbox 1606 3426 1805 3468; x_wconf 89' lang='lat' dir='ltr'><strong>incendio</strong></span> <span class='ocrx_word' id='word_1_436' title='bbox 1825 3427 1982 3479; x_wconf 84' lang='lat' dir='ltr'><strong>tugurii</strong></span> 
     </span>
    </p>
   </div>
   <div class='ocr_carea' id='block_1_12' title="bbox 1104 3495 1328 3538">
    <p class='ocr_par' dir='ltr' id='par_1_19' title="bbox 1104 3495 1328 3538">
     <span class='ocr_line' id='line_1_70' title="bbox 1104 3495 1328 3538; baseline -0.004 -1"><span class='ocrx_word' id='word_1_437' title='bbox 1104 3495 1328 3538; x_wconf 88' lang='lat' dir='ltr'><strong>cremavit.</strong></span> 
     </span>
    </p>
   </div>
  </div>
 </body>
</html>
