2294 3990
393 297 465 349 98

1048 310 1126 347 DE
1167 307 1564 348 ROMANORUM

1050 501 1156 555 DE
1195 500 1567 557 DUCIBUS.

448 630 617 670 Ducum
656 634 746 669 tres
768 626 899 666 veluti
929 626 1086 665 classes
1119 633 1268 678 erant3

393 694 463 734 alii
478 694 588 733 euim
602 691 700 731 solis
714 689 928 742 peditibus
945 695 1180 741 praee1·ant;
1200 692 1272 732 alii

393 758 492 800 solis
513 755 741 810 equitibus,
758 753 830 795 alii
845 753 1053 797 omnibus.
1094 755 1180 798 Qui
1200 768 1274 810 pe.

1336 629 1511 680 ditibus,
1539 629 1824 669 Centuriones
1857 634 1902 671 et
1917 630 2091 671 Tribuni
2113 631 2217 674 dicti

1340 698 1463 741 sunt;
1490 691 1562 744 qui
1582 691 1809 743 equitibus,
1828 693 2120 745 Decuriones3
2153 696 2225 748 qui

1336 755 1547 807 omnibus,
1564 755 1717 807 Legati
1742 760 1788 796 et
1806 756 2063 810 Imperator.

898 920 1007 974 DE
1043 916 1727 973 CENTURIONIBUS.

445 1043 773 1085 Cen'rumonns
794 1057 820 1085 a
854 1045 1058 1087 Tribunis
1087 1044 1277 1097 Impera·

392 1106 497 1147 toris
507 1107 633 1158 jussu
661 1120 715 1148 ex
735 1107 910 1159 singulis
941 1108 1123 1148 militum
1144 1118 1273 1159 gene-

391 1168 506 1208 ribus
535 1174 697 1221 praeter
717 1170 868 1210 velites
887 1171 974 1222 legi
1001 1170 1128 1210 moris
1156 1168 1272 1210 fuit:

391 1232 451 1271 ita
472 1236 519 1271 ut
538 1233 690 1273 hastati
711 1232 905 1283 hastatis,
923 1233 1127 1285 princeps
1161 1232 1277 1285 prin·

391 1295 575 1349 cipibus,
596 1302 642 1336 et
670 1296 829 1337 triariis
850 1296 988 1337 triarii
1006 1300 1273 1349 praeessent:

392 1373 488 1400 cum
509 1373 612 1401 vero
630 1361 672 1401 iu
688 1361 861 1414 singulis
877 1361 1116 1414 legionibus
1133 1365 1279 1401 essent

393 1428 460 1464 60.
481 1436 558 1465 sex
578 1425 621 1464 in
642 1426 836 1477 cohorte,
862 1425 905 1465 in
924 1424 1143 1477 manipulo
1161 1423 1246 1464 duo
1265 1437 1277 1474 ;

394 1500 478 1541 quo
515 1487 683 1528 facilius
729 1493 967 1540 constaret,
1010 1493 1108 1528 uter
1150 1487 1278 1527 alteri

393 1556 654 1603 praestaret3
683 1563 769 1591 non
784 1551 907 1591 simul
923 1563 1085 1599 omnes,
1117 1550 1193 1591 sed
1208 1549 1279 1590 alii

394 1619 494 1667 post
536 1615 641 1655 alios
672 1613 963 1666 legebantur3
999 1613 1182 1665 primum
1210 1612 1280 1652 tri-

395 1677 529 1730 ginta,
551 1690 605 1717 ex
624 1677 797 1730 singulis
817 1676 989 1717 aciebus
1007 1675 1105 1716 deni
1121 1689 1134 1726 ;
1152 1676 1277 1728 paulo

392 1746 493 1793 post
511 1740 721 1781 totidem:
754 1740 826 1794 qui
849 1740 1034 1792 primum
1054 1741 1175 1792 lecti,
1194 1752 1279 1780 ma-

394 1805 635 1857 nipulorum
666 1804 824 1844 dextra
853 1817 1015 1846 cornua
1038 1805 1278 1858 regebant:

394 1867 468 1920 qui
505 1867 681 1919 deinde,
719 1867 917 1908 sinistra:
964 1881 1063 1908 suus
1103 1868 1279 1922 quidem

394 1930 573 1982 singulis
617 1931 756 1970 honos
796 1929 894 1983 fuit,
924 1931 1000 1971 sed
1038 1931 1145 1971 alius
1192 1931 1281 1982 alii,

394 2005 473 2045 pro
502 2003 660 2044 genere
685 1992 881 2044 militum,
912 1993 1101 2033 cohortis
1133 2004 1281 2032 nume-

394 2068 445 2096 ro
501 2060 548 2096 et
593 2055 800 2096 centuriae
852 2056 952 2107 situ,
1004 2057 1070 2095 vel
1127 2057 1279 2108 major,

393 2119 464 2159 vel
498 2118 668 2158 minor:
721 2117 794 2171 qui
828 2119 1035 2170 manipuli
1078 2119 1277 2159 dextrum

395 2195 528 2225 cornu
574 2183 776 2234 ducebat,
811 2184 846 2223 is
884 2185 1022 2225 altero
1062 2184 1282 2224 honestior

396 2245 505 2288 fuit:
537 2247 610 2299 qui
633 2247 780 2298 primae
797 2247 984 2287 cohortis
1004 2247 1282 2299 manipulum,

394 2310 552 2351 ceteris
572 2310 765 2362 ejusdem
787 2310 981 2362 generis;
1025 2311 1097 2363 qui
1131 2311 1282 2363 primae

396 2373 582 2414 cohortis
629 2373 811 2425 primum
856 2374 1135 2425 manipulum,
1180 2374 1274 2414 aliis

397 2437 608 2486 omnibus,
635 2437 726 2476 sive
759 2435 969 2488 ejusdem,
1004 2436 1093 2476 sive
1123 2436 1278 2476 diversi

397 2501 580 2553 generis.
637 2500 799 2540 Primae
831 2500 1019 2540 cohortis
1048 2500 1140 2540 haec
1169 2512 1280 2550 prae-

398 2565 524 2617 cipua
542 2563 729 2615 dignitas
749 2562 848 2614 fuit,
873 2566 922 2602 ut
948 2562 1022 2615 qui
1041 2562 1083 2602 in
1114 2574 1165 2602 ea
1185 2562 1278 2602 has·

394 2632 581 2667 tatorum
602 2627 798 2667 centurio
818 2631 948 2676 esset,
978 2626 990 2648 ‘
1004 2626 1165 2677 primus
1185 2626 1278 2665 has-

397 2689 545 2738 tatus:
576 2691 650 2743 qui
680 2689 938 2741 principum,
961 2688 1146 2741 ‘primus
1165 2689 1278 2741 prin·

397 2752 531 2804 ceps‚’
575 2752 648 2805 qui
677 2752 935 2802 triariorum,
980 2750 1277 2804 ‘primipilus'

395 2816 525 2868 vulgo
546 2815 778 2866 diceretur,
796 2814 865 2854 cui
891 2813 972 2854 hoc
991 2815 1114 2866 plane
1139 2814 1278 2866 singu·

394 2880 486 2920 lare
519 2879 620 2931 fuit,
656 2879 749 2918 aliis
788 2878 1111 2919 centurionibus
1142 2879 1278 2931 impe-

397 2956 509 2996 rare,
544 2944 722 2984 consilio
752 2956 850 2984 cum
881 2943 1082 2984 Tribunis
1114 2943 1280 2995 adesse,

396 3008 509 3048 tueri
524 3007 721 3061 aquilam,
748 3018 927 3059 eamque
940 3013 987 3047 et
1000 3007 1132 3059 figere
1146 3006 1279 3057 humi,

398 3077 445 3112 et
463 3072 589 3111 humo
610 3071 783 3111 vellere.

452 3134 583 3186 Apud
617 3139 818 3174 auctores
847 3133 860 3155 ‘
878 3132 978 3173 noni
1011 3131 1280 3183 ‘decimive,’

399 3204 444 3239 et
460 3199 472 3221 ‘
488 3195 667 3238 hastati'
703 3202 749 3236 et
775 3197 788 3219 ‘
807 3193 1046 3248 principis,'
1082 3197 1164 3235 διο.
1196 3194 1279 3235 fre-

401 3272 534 3315 quens
573 3260 763 3300 occurrit
795 3259 988 3308 mentio;
1029 3269 1159 3310 quare
1195 3269 1279 3297 non

401 3325 500 3373 erit,
517 3325 686 3377 opinor,
705 3323 910 3373 alienum,
941 3321 1014 3374 qui
1035 3332 1164 3361 voces
1192 3321 1277 3361 illae

953 3387 966 3402 .

1344 1042 1607 1095 accipiendae
1627 1043 1727 1094 sint,
1748 1050 1957 1085 annotare
1978 1044 2137 1097 paucis.
2166 1045 2221 1089 1n

1343 1107 1528 1159 legione,
1563 1107 1624 1147 uti
1653 1108 1854 1160 diximus,
1871 1109 2069 1149 cohortes
2099 1113 2226 1149 erant

1343 1170 1510 1221 decem,
1541 1170 1586 1210 in
1615 1171 1861 1212 cohortibus
1893 1183 1971 1212 sex
2000 1172 2228 1212 Centurio-

1342 1245 1446 1284 nes;
1474 1233 1538 1273 his
1557 1246 1583 1272 a
1599 1235 1835 1287 cohortium
1867 1247 2044 1276 numero
2062 1235 2126 1275 ita
2152 1247 2226 1275 no-

1345 1308 1442 1337 men
1463 1296 1644 1337 inditum
1662 1311 1675 1349 ;
1705 1303 1753 1339 ut
1769 1298 1842 1351 qui
1860 1298 1905 1338 in
1923 1298 2088 1339 decima
2105 1304 2228 1338 erant

1345 1360 1520 1400 cohorte
1540 1371 1688 1400 omnes
1706 1362 1718 1383 ‘
1734 1360 1890 1401 decimi
1903 1373 1918 1411 ;
1931 1359 1943 1378 ’
1971 1360 2100 1413 quiin
2113 1371 2229 1401 nona

1342 1421 1356 1444 ‘
1373 1422 1496 1472 noni;
1511 1421 1522 1439 '
1559 1422 1630 1475 qui
1662 1424 1705 1463 in
1741 1429 1894 1464 octava
1930 1423 1943 1446 ‘
1958 1423 2098 1464 octavi
2114 1423 2150 1475 3’
2183 1427 2230 1464 et

1346 1485 1407 1525 sic
1423 1485 1629 1537 deinceps
1646 1485 1659 1507 ‘
1670 1485 1873 1538 septimi,'
1891 1489 1902 1509 ‘
1913 1485 2056 1538 sexti,’
2067 1488 2150 1527 &c.
2166 1486 2228 1525 di-

1348 1553 1572 1590 cerentur:
1603 1561 1655 1589 eo
1685 1555 1831 1590 tamen
1863 1548 2137 1599 discrimine;
2164 1555 2229 1595 ut,

1349 1611 1419 1664 qui
1442 1612 1484 1651 in
1508 1613 1677 1664 legione
1696 1612 1881 1664 decima,
1901 1613 1991 1654 haec
2011 1611 2134 1653 nobis
2154 1624 2228 1652 ex·

1348 1675 1487 1726 emplo
1507 1675 1581 1725 sit,
1603 1674 1759 1714 triariis
1779 1680 1986 1727 praeerat,
2005 1675 2018 1697 ‘
2034 1674 2230 1715 decimus

1345 1739 1456 1791 pilus
1472 1738 1499 1788 ;'
1517 1739 1588 1791 qui
1601 1738 1868 1791 principibus
1882 1738 1894 1760 ‘
1907 1737 2098 1778 decimus
2114 1738 2229 1790 prin·

1345 1801 1499 1853 ceps3'
1525 1800 1598 1854 qui
1617 1799 1796 1841 hastatis
1835 1800 1848 1822 ⁴
1865 1799 2055 1840 decimus
2083 1799 2227 1840 hasta-

1350 1870 1419 1906 tus
1437 1864 1450 1883 '
1480 1869 1723 1905 vocaretur.

1402 1927 1500 1969 Quo
1521 1938 1622 1966 vero
1640 1923 1865 1965 fortissimi
1883 1924 2042 1977 quique
2062 1924 2115 1964 ad
2137 1924 2228 1976 glo-

1349 1989 1454 2029 riam
1483 1989 1709 2030 militarem
1739 1988 2032 2028 vehementius
2064 1987 2228 2027 excita-

1348 2060 1516 2106 rentur,
1536 2052 1711 2105 singulis
1729 2051 1903 2093 virtutis
1914 2064 2019 2104 ergo
2034 2053 2231 2104 superior

1349 2118 1504 2171 gradus
1534 2118 1738 2170 patebat;
1765 2116 1972 2157 militibus
2003 2116 2228 2157 Centuria-

1348 2187 1442 2231 tus;
1482 2179 1831 2231 Centurionibus,
1866 2183 1914 2220 et
1946 2179 2228 2221 centuriatus

1348 2245 1587 2296 honestior,
1606 2251 1648 2284 et
1670 2245 1800 2285 etiam
1819 2243 2097 2285 Tribunatus.
2123 2242 2231 2284 Quis

1350 2310 1452 2362 quid
1475 2309 1613 2361 egerit
1633 2307 1823 2359 fortiter,
1843 2308 1963 2360 isque
1988 2311 2077 2347 tum
2097 2304 2230 2346 fuerit

1343 2374 1387 2413 in
1407 2372 1576 2412 decima
1595 2372 1769 2411 cohorte
1787 2370 2068 2419 hastatorum,
2082 2380 2231 2408 secun-

1345 2435 1424 2475 dus
1471 2434 1704 2484 Centurio;
1750 2433 1831 2473 hoc
1868 2432 1984 2472 enim
2031 2433 2231 2483 exemplo

1347 2499 1598 2551 conjectura
1632 2498 1762 2543 facile
1793 2496 1889 2538 fieri
1911 2501 2056 2549 potest
2088 2496 2142 2539 de
2162 2509 2230 2537 ce·

1350 2564 1478 2604 teris:
1527 2563 1708 2614 primum
1746 2560 1918 2613 quidem
1963 2560 2228 2601 hastatorum

1346 2627 1509 2679 primus
1529 2627 1611 2666 erit
1631 2624 1837 2667 Centurio
1853 2637 1866 2675 ;
1882 2624 1965 2665 hoc
1983 2628 2067 2674 est,
2087 2622 2231 2664 ‘deci-

1346 2704 1439 2731 mus
1487 2691 1679 2731 hastatus
1696 2703 1708 2729 ε
1725 2688 1738 2707 ’
1791 2689 1950 2729 deinde
2006 2689 2019 2711 ‘
2036 2688 2228 2728 decimus

1346 2753 1580 2806 princeps,'
1596 2758 1686 2792 tum
1703 2750 1916 2791 ‘decimus
1936 2749 2078 2803 pilus:
2097 2750 2228 2804 idque

1346 2816 1389 2855 in
1420 2815 1569 2855 eadem
1601 2815 1808 2862 cohorte3
1847 2824 1932 2865 qua
1964 2812 2142 2864 expleta
2173 2825 2228 2852 ex

1347 2878 1515 2918 decimo
1536 2877 1621 2928 pilo
1641 2887 1776 2916 nonus
1795 2874 1898 2926 erit,
1911 2879 2003 2914 tum
2023 2880 2230 2925 octavus;

1346 2946 1446 2993 post
1465 2941 1702 2992 septimus:
1743 2939 1898 2988 donec,
1935 2938 1970 2977 si
1992 2942 2038 2978 et
2054 2937 2230 2978 fortuna

1346 3009 1392 3044 et
1410 3004 1544 3044 virtus
1578 3002 1750 3053 faverit,
1787 3005 1863 3042 aut
1890 3001 2075 3053 primum
2094 3001 2226 3053 pilum

1345 3071 1420 3107 aut
1437 3067 1719 3107 Tribunatum
1740 3071 2006 3117 assequatur.
2049 3065 2228 3104 Promo·

1344 3130 1473 3170 vendi
1493 3129 1639 3169 militis
1670 3130 1765 3170 haec
1797 3134 1847 3168 ut
1877 3128 2108 3180 plurimum
2139 3139 2226 3167 ser-

1344 3197 1444 3232 vata
1457 3193 1568 3233 ratio
1585 3198 1651 3233 est
1666 3205 1678 3241 ;
1708 3204 1732 3231 a
1745 3191 1856 3230 duce
1870 3195 2016 3230 'tamen
2036 3189 2229 3242 aliquan-

1346 3255 1420 3308 do,
1439 3260 1514 3296 aut
1531 3256 1757 3296 immutata
1773 3259 1848 3294 aut
1867 3253 2084 3306 neglecta.
