2352 4022
1896 299 2003 352 191

170 454 285 508 quo
331 438 455 505 ipse
519 436 824 505 propulsus
871 451 903 487 e
951 432 1235 501 Capitolio
1252 439 1292 470 ³¹
1344 429 1715 494 occidisset.'†
1810 430 1877 483 Id
1929 447 2006 483 ex

171 522 431 575 Graccho
457 523 627 591 priuS,
654 537 818 590 quam
843 519 1207 580 tribunatum,
1245 518 1303 569 in
1330 533 1443 585 quo
1469 516 1767 568 fraternum
1793 515 2007 566 exitum

161 608 416 671 vhabuit,*''
464 607 647 670 iniret,
672 604 830 657 multi
856 602 1203 655 audiverunt.
1277 600 1538 654 Coelius*
1574 601 1740 653 etiam
1766 604 1947 652 certus
1963 605 2005 636 ³²

172 691 451 744 Romanae
488 690 740 744 historiae
786 693 1002 750 auctor,
1032 687 1343 739 sermonem
1369 686 1440 739 de
1466 702 1533 739 ea
1558 702 1617 738 re
1643 684 1716 737 ad
1745 700 1880 737 suas
1909 700 2008 737 au-

169 793 258 829 res
279 777 379 829 illo
407 777 588 829 adhuc
613 777 745 829 vivo
769 772 1092 842 pervenisse
1118 772 1332 824 scribit.

162 877 210 916 τα
242 863 295 913 7.
332 861 530 914 Vincit
553 860 788 929 hujusce
816 857 1021 910 somnii
1047 856 1226 908 dirum
1268 860 1577 924 aspectum,
1622 855 1774 923 quod
1822 857 2009 924 sequi-

171 944 299 997 tur.⁸'
315 951 354 983 ³³
430 943 604 1014 Apud
631 943 857 996 Actium
873 949 893 979 ³
923 941 1003 992 M.
1024 940 1259 994 Antonii
1284 940 1477 993 fractis
1503 941 1750 1010 opibus?
1774 939 2008 994 Cassius

179 1029 539 1094 Parmensis?
573 1030 670 1096 qui
693 1031 882 1095 partes
909 1025 1036 1093 ejus
1075 1029 1303 1078 secutus
1330 1025 1532 1088 fuerat,
1578 1023 1829 1078 Athenas
1875 1043 2010 1078 con-

169 1115 341 1181 fugit:
379 1114 479 1165 ubi
525 1113 806 1166 concubia
846 1117 1031 1175 nocte,
1075 1126 1204 1163 cum
1249 1110 1701 1163 solicitudinibus
1744 1116 1800 1163 et
1839 1112 2009 1174 curis,

171 1202 350 1251 mente
374 1198 563 1266 sopita
583 1198 641 1249 in
665 1197 878 1249 lectulo
911 1196 1143 1264 jaceret,
1189 1195 1551 1258 existimavit,
1598 1194 1670 1247 ad
1711 1212 1773 1248 se
1823 1196 2010 1248 venire

170 1282 453 1335 hominem
489 1282 732 1350 ingentis
775 1281 1193 1350 magnitudiniS,
1244 1280 1450 1333 coloris
1492 1282 1654 1348 nigri,
1691 1281 2011 1349 squalidum

728 314 998 354 omnvn.
1041 313 1121 352 DE
1163 309 1440 351 SOMNIIS·

224 1439 239 1467 ⁸⁵
265 1442 470 1483 Somnium
488 1442 634 1495 Cassii,
661 1443 762 1495 quod
777 1441 968 1494 sequitur,
996 1441 1223 1481 horribilius
1241 1443 1301 1480 est
1319 1440 1465 1481 somnio
1487 1441 1674 1481 Gracchi.

939 1546 962 1561 O

1141 1544 1242 1559 ΜΟ

171 1603 370 1644 Perizon.
389 1604 581 1644 nonnulli
596 1604 724 1654 Pigh.
743 1604 866 1644 multi
880 1605 1062 1643 Torren.
1085 1614 1182 1642 cum
1198 1603 1301 1643 Vet.
1323 1602 1443 1653 Mog.
1466 1601 1645 1642 Venett.
1675 1608 1722 1642 et
1752 1602 1932 1641 Medioi.
1966 1613 2014 1641 ne

170 1670 215 1697 eo
223 1656 317 1706 sato
335 1670 411 1697 non
426 1658 591 1709 per-iret.
646 1658 819 1698 Ceterae
839 1658 940 1697 edd.
962 1669 1041 1709 pro
1061 1656 1237 1708 vulgato
1258 1659 1499 1697 stant.—3l
1532 1656 1621 1696 Pro
1638 1657 1843 1707 propulsus
1857 1668 1878 1695 e
1893 1656 2014 1706 Capi-

170 1713 266 1751 tolio
285 1712 327 1752 in
348 1713 456 1751 Exc.
475 1712 626 1764 steph.
656 1713 792 1764 pulsus
811 1712 1032 1764 Capitolio.-
1062 1710 1220 1750 desunt
1249 1711 1341 1750 haec
1369 1710 1504 1749 verba
1533 1710 1577 1748 in
1609 1709 1866 1763 quibusdam
1888 1709 2015 1748 codd.

172 1770 219 1804 et
249 1765 291 1804 in
309 1766 412 1805 Vet.
441 1765 639 1806 Glossam
674 1765 863 1817 sapiunt,
894 1777 989 1817 quae
1021 1777 1077 1803 ex
1109 1763 1304 1815 margine
1339 1765 1383 1803 in
1426 1770 1590 1804 textum
1631 1764 1931 1815 irrepsit.—-32
1962 1762 2014 1802 In

171 1818 324 1859 Rhem.
346 1822 384 1859 1.
404 1825 450 1858 et
468 1818 590 1860 Leid.
610 1822 649 1859 6.
668 1819 806 1866 deest,
824 1824 976 1859 certus.-
1003 1818 1045 1857 in
1081 1818 1337 1869 quibusdam
1373 1818 1455 1857 alio
1484 1819 1579 1857 loco
1614 1818 1806 1869 ponitur,
1836 1829 2010 1868 nempe,

171 1871 362 1912 Rmnanoe
375 1872 553 1912 historice
569 1876 699 1912 certus
714 1876 976 1913 auctam—33
1003 1872 1161 1923 Vulgg.
1176 1872 1239 1912 ita
1257 1871 1445 1911 habent:
1477 1878 1522 1910 at
1541 1873 1639 1922 quod
1667 1871 1890 1922 insequitur
1909 1870 2014 1910 duo-

172 1924 315 1967 decim
337 1925 443 1967 Mss.
467 1933 565 1967 cum
585 1925 710 1968 editt.
730 1927 840 1967 Ven.
871 1926 994 1967 Med.
1016 1924 1199 1966 Ascens.
1219 1929 1264 1965 et
1282 1926 1384 1966 Vet.
1405 1925 1519 1966 unde
1537 1925 1773 1965 Torrenius
1808 1924 1985 1977 conjicit
2003 1938 2014 1964 ε

999 2019 1185 2061 NOTAE

227 2121 247 2159 'l’
275 2113 359 2155 An.
384 2114 449 2155 M.
477 2117 601 2155 3929.
649 2114 720 2155 Ol.
739 2117 834 2155 163.
855 2118 897 2154 4.
946 2113 1056 2154 Urb-

177 2178 226 2219 C.
245 2181 355 2219 628..
386 2177 492 2218 Ant.
513 2178 591 2219 Ch.
611 2181 708 2218 124.

228 2247 253 2268 “
274 2241 516 2282 Frater-num
530 2243 682 2283 exitum
700 2241 855 2293 habuit]
881 2242 930 2283 L.
951 2241 1058 2294 Opi-

1127 2113 1256 2164 paulo
1269 2111 1435 2152 inflavit
1449 2111 1760 2162 vehementius,
1779 2111 2016 2164 habuitque

1126 2177 1240 2216 vires
1262 2181 1459 2228 agrestes
1482 2176 1553 2216 ille
1574 2176 1761 2229 quidem,
1776 2182 1905 2229 atque
1922 2177 2019 2216 bor·

1127 2239 1244 2279 ridas
1275 2241 1365 2280 sine
1395 2240 1536 2279 nitore
1577 2252 1626 2279 ac
1664 2239 1894 2291 palaestra3
1940 2240 2016 2280 sed

172 2304 283 2348 mins
302 2304 462 2345 Consul
482 2305 630 2345 multis
649 2305 894 2345 nominibus
924 2305 1058 2344 Grac-

173 2367 254 2409 cho
282 2367 480 2408 inimicus
518 2369 613 2421 ejus
643 2369 763 2420 leges
790 2368 1058 2421 antiquavit:

173 2432 290 2486 quod
309 2444 406 2472 cum
419 2433 493 2472 ille
513 2431 652 2473 ferret
678 2431 891 2482 acerbius,
921 2431 1061 2484 plebis

172 2494 380 2548 implorat
397 2507 539 2548 opem,
558 2507 644 2536 una
662 2507 759 2536 cum
787 2494 941 2535 Fulvio
960 2507 1060 2535 con-

172 2557 305 2600 sulari
333 2564 474 2600 armat
506 2559 841 2610 multitudinem,
878 2558 1059 2599 Aventi-

173 2635 277 2664 num
293 2632 508 2675 occupat:
555 2623 632 2663 sed
648 2622 837 2673 frustra;
870 2635 969 2663 nam
990 2636 1056 2664 oc-

173 2685 265 2726 ciso
283 2686 449 2737 Fulvio,
481 2688 575 2738 ipse
594 2686 695 2726 dum
714 2685 830 2738 fugit
854 2687 898 2727 in
918 2688 1059 2728 lucum

175 2749 364 2801 Furinae,
393 2751 462 2790 vel
491 2750 546 2790 ab
567 2750 769 2802 Euphoro
789 2749 966 2802 famulo,
994 2752 1058 2803 ip-

175 2811 263 2852 sius
283 2812 425 2864 jussu,
454 2812 753 2865 obtruncatur,
773 2820 822 2853 ut
845 2814 936 2853 vult
953 2813 1058 2854 Vel·

173 2877 311 2927 leius3
354 2879 441 2929 vel,
462 2884 509 2919 ut
529 2878 601 2919 alii
621 2878 736 2931 apud
757 2879 1055 2929 Plutarchum,

174 2950 200 2978 a
217 2937 322 2991 fuga
352 2951 450 2980 cum
475 2941 680 2992 Euphoro
714 2946 947 2993 retractus,
975 2953 1058 2981 una

176 3014 274 3043 cum
306 3002 416 3054 ipso,
447 3003 549 3043 dum
575 3004 650 3044 ille
681 3004 775 3044 heri
805 3017 963 3056 corpus
982 3017 1059 3046 suo

175 3066 304 3118 tegit,
324 3067 378 3107 ab
398 3067 644 3119 Opimianis
664 3068 888 3109 confossus
908 3075 989 3111 est.

226 3134 248 3156 ¹
269 3130 434 3182 Coelius]
480 3131 531 3172 C.
550 3131 709 3172 Coelius
741 3131 971 3183 Antipater
988 3133 1059 3186 ju·

174 3191 415 3244 risperitus,
433 3200 479 3233 et
508 3194 558 3234 L.
580 3194 725 3234 Crassi
745 3194 943 3236 Oratoris
963 3196 1059 3236 Ma-

174 3256 325 3307 gister,
350 3257 422 3310 qui
441 3257 740 3298 Gracchorum
769 3271 933 3310 suppar
952 3265 1059 3300 tem-

175 3318 349 3369 poribus
366 3320 542 3371 scripsit
571 3320 807 3372 historiam,
838 3335 964 3373 quam
994 3323 1059 3363 M.

179 3382 358 3434 Brutus,
381 3388 495 3424 teste
524 3384 750 3435 Cicerone,
770 3386 812 3424 iu
830 3386 1060 3438 Epitomeu

176 3442 360 3495 redegit.
418 3446 486 3486 De
515 3447 590 3487 illo
620 3448 715 3488 haec
759 3449 940 3490 Cicero:
977 3451 990 3473 ‘
1010 3451 1062 3491 L.

177 3506 331 3548 Fannii
377 3514 505 3550 aetate
538 3511 794 3562 conjunctus
827 3512 1062 3566 Antipater

1127 2308 1271 2344 tamen
1292 2304 1525 2343 admonere
1558 2303 1744 2355 reliquos
1780 2304 1940 2356 potuit,
1971 2310 2019 2344 ut

1127 2369 1374 2408 accuratius
1395 2367 1668 2408 scriberent!

1184 2431 1342 2483 ’Apud
1378 2430 1561 2482 Actium]
1607 2431 1732 2482 Epiri
1768 2438 2018 2483 promonto-

1129 2495 1257 2548 rium,
1288 2496 1332 2535 in
1361 2507 1445 2548 quo
1477 2494 1580 2534 urbs
1613 2495 1666 2535 ab
1694 2494 1894 2547 Augusto
1914 2509 2018 2537 con-

1128 2559 1238 2611 dita,
1257 2566 1305 2600 et
1336 2573 1361 2600 a
1393 2558 1580 2600 victoria
1607 2559 1833 2612 Nicopolis
1853 2573 2016 2603 nuncu-

1128 2631 1246 2678 pata.
1279 2627 1327 2666 C.
1343 2627 1500 2677 Figulo.

1179 2696 1196 2715 2
1216 2691 1280 2731 M.
1312 2690 1480 2730 Antonii
1503 2691 1654 2740 fractis
1689 2690 1846 2742 opibus]
1891 2690 2018 2732 eom-

1125 2751 1254 2792 misso
1293 2757 1448 2792 contra
1483 2753 1717 2794 Octavium
1753 2753 1905 2805 praelio
1944 2767 2017 2794 na-

1123 2815 1226 2866 vali,
1245 2827 1390 2855 amore
1421 2816 1564 2867 potius
1582 2829 1709 2870 quam
1727 2817 1854 2856 armis
1873 2818 2017 2858 victus

1125 2883 1192 2918 est
1227 2877 1464 2929 Antonius3
1507 2879 1683 2920 deserta
1717 2881 1830 2919 enim
1867 2893 2013 2932 pugna

1124 2938 1364 2991 fugientem
1402 2941 1557 2982 timore
1592 2942 1865 2995 Cleopatram
1895 2954 2016 2983 secu-

1127 3009 1212 3054 tus,
1230 3002 1454 3044 victoriam
1476 3004 1680 3058 Octavio,
1708 3005 1912 3058 orbisque
1940 3006 2017 3045 im-

1127 3067 1293 3119 perium
1308 3067 1506 3108 tradidit.
1631 3063 1636 3066 ’

1182 3135 1202 3156 ¹¹
1223 3130 1383 3170 Cassius
1413 3132 1658 3183 Parmensis]
1687 3133 1724 3172 E
1753 3133 2017 3184 percussori-

1126 3192 1206 3234 bus
1238 3194 1424 3234 Caesaris
1445 3207 1570 3243 unus,
1599 3195 1672 3246 qui
1700 3194 1886 3234 omnium
1918 3195 2017 3235 ulti-

1127 3267 1221 3295 mus
1249 3257 1471 3308 parricidii
1499 3269 1643 3309 poenas
1671 3257 1809 3308 dedit,
1836 3269 1889 3298 ex
1920 3258 2019 3299 Vel-

1127 3318 1227 3358 leio.
1279 3320 1421 3359 Victis
1436 3320 1564 3359 Bruti
1584 3319 1781 3371 partibus
1802 3333 1847 3360 se
1866 3327 2019 3363 contu-

1128 3381 1180 3420 lit
1201 3381 1256 3421 ad
1278 3381 1531 3431 Antonium,
1551 3382 1673 3433 cujus
1693 3382 1736 3421 in
1754 3381 1880 3434 Syria
1904 3384 2016 3436 lega-

1129 3448 1198 3483 tus
1218 3444 1354 3483 multa
1374 3444 1551 3484 fortiter
1567 3444 1716 3495 gessit,
1735 3457 1829 3497 quae
1847 3446 2019 3490 Plutar-

1131 3507 1235 3547 chus
1250 3512 1296 3547 et
1315 3506 1538 3559 Appianas
1559 3514 1813 3550 memorant.
