2346 3952
366 274 437 324 40

1016 281 1095 326 DE
1134 285 1483 326 ROMANORU
1494 286 1536 324 M

701 507 1035 562 CLAUDII
1073 506 1438 562 PULCHRI
1477 508 1724 562 PATRI
1730 509 1860 563 CII.

419 667 484 698 rx.
527 659 579 699 Ρ.
617 660 843 700 ΟιΑυιηυε
874 660 1097 699 Puteum
1124 658 1240 712 App.

367 719 486 763 caeci
505 723 613 763 filius
628 724 782 764 Consul
799 736 908 763 anno
922 727 1014 764 504.
1030 736 1126 764 cum
1141 736 1240 764 con-

367 792 434 827 tra
455 788 644 839 auspicia
669 793 915 839 pugnasset,
933 799 958 827 a
977 788 1125 828 Poenis
1154 788 1242 827 vic-

366 855 434 889 tus
449 856 529 890 est.
585 862 630 891 x,
662 852 801 890 Natus
818 863 872 889 ex
890 863 941 890 eo
955 849 1124 902 Appius
1138 850 1241 890 Pul·

367 913 466 951 cher
486 914 641 953 Consul
673 925 781 952 anno
810 917 903 953 541.
931 919 1020 953 tres
1041 913 1149 954 filios
1168 915 1240 953 ha-

365 976 488 1016 buit:
530 987 593 1017 xl.
614 975 818 1028 Appium,
838 978 1054 1029 Publium,
1080 984 1125 1018 et
1145 979 1239 1018 Cai-

363 1052 457 1079 um:
489 1052 632 1079 omnes
648 1042 854 1080 Consules
864 1040 1058 1091 fuerunt;
1078 1042 1239 1093 primus

366 1114 474 1142 anno
487 1107 579 1144 568.
596 1105 706 1143 alter
720 1117 828 1144 anno
848 1109 945 1145 569.
962 1106 1114 1145 tertius
1127 1117 1238 1145 anno

363 1168 458 1224 676.
487 1161 563 1217 qui
579 1170 674 1217 post
704 1167 980 1208 Consulatum
1001 1169 1054 1208 de
1075 1168 1239 1219 Liguri·

363 1229 440 1269 bus
477 1229 738 1281 triumphum
777 1235 822 1270 et
861 1231 1093 1271 Censuram
1129 1231 1236 1271 obti-

359 1292 468 1332 nuit.
524 1293 715 1332 Primum
743 1293 890 1346 Appii,
919 1300 1010 1335 tum
1032 1294 1123 1335 Caii
1144 1307 1238 1346 pos-

362 1360 478 1395 teros
528 1367 859 1409 persequemur:
917 1358 1074 1398 Publio
1125 1358 1238 1398 enim

360 1419 477 1457 nulla
496 1420 636 1470 proles
651 1418 750 1459 fuit.

416 1492 501 1522 ΧΠ.
528 1481 662 1534 Appii
682 1482 811 1534 filius,
831 1483 933 1523 item
954 1483 1120 1536 Appius
1137 1485 1238 1524 Pul-

359 1544 460 1585 cher
484 1546 719 1587 Consulatu
738 1550 830 1587 610.
858 1546 1075 1598 triumpho
1093 1547 1145 1586 de
1165 1548 1238 1587 Sa-

361 1609 482 1648 lassis
502 1609 625 1662 (gens
647 1615 740 1649 erat
759 1608 954 1661 Alpina),
973 1611 1180 1660 Censura,
1195 1616 1239 1650 et

360 1671 545 1712 Senatus
584 1673 829 1723 principatu
872 1673 1044 1713 enituit.
1117 1674 1238 1713 Illius

361 1737 535 1788 quidem
552 1736 641 1776 filia
659 1737 725 1777 Ti.
752 1737 951 1777 Graccho
985 1737 1076 1776 viro
1095 1737 1239 1776 claris-

360 1800 468 1840 simo
497 1802 667 1852 nupsit;
714 1806 759 1840 at
795 1813 849 1840 ex
885 1801 976 1852 ejus
1007 1801 1237 1852 nepotibus

359 1864 500 1903 nullus
519 1864 794 1903 Consulatum
815 1863 996 1915 adeptus
1017 1870 1111 1903 est:
1143 1864 1237 1915 ejus

359 1939 575 1980 pronepos
605 1929 749 1968 Livius
771 1930 936 1968 Drusus
964 1929 1237 1980 Claudianus,

358 2002 438 2041 per
483 1990 758 2041 adoptionem
795 1991 980 2030 insertus
1023 1991 1237 2030 Liviorum

358 2051 551 2104 familiae,
565 2066 666 2094 avus
680 2054 761 2095 fuit
781 2055 931 2105 Liviae,
944 2068 1039 2107 quae
1055 2056 1238 2106 primum

355 2116 420 2156 Ti.
467 2116 668 2168 Neronis,
687 2117 842 2157 deinde
893 2116 1079 2169 Augusti
1131 2129 1239 2158 uxor

360 2178 522 2220 extitit.

410 2253 497 2281 x11.
541 2242 636 2282 Caii
671 2242 836 2282 Claudii
869 2241 958 2282 filio
999 2247 1044 2282 et
1088 2243 1238 2294 nepoti

357 2305 484 2344 Caius
503 2318 748 2357 praenomen
769 2305 879 2354 fuit;
921 2311 1101 2357 uterque
1127 2307 1237 2346 Con-

359 2369 454 2418 sul;
510 2369 622 2409 alter
670 2380 781 2409 anno
836 2372 931 2409 623.
977 2380 1082 2409 xm.
1128 2369 1237 2408 alter

1312 672 1422 702 anno
1441 665 1534 702 661.
1565 673 1660 703 xiv.
1699 662 1785 702 Hic
1819 660 1926 700 duos
1957 658 2107 699 habuit
2134 647 2184 698 ἦ·
2224 678 2227 680 -

1309 726 1390 765 lios
1436 725 1626 778 Appium
1669 731 1714 766 et
1747 725 1915 774 Caium,
1945 723 2017 776 qui
2061 722 2185 762 Prae·

1310 793 1379 828 tor
1405 802 1430 828 a
1461 790 1673 841 Spartaco
1708 790 1847 829 victus
1882 792 1973 828 est:
2015 785 2184 838 Appius

1311 851 1472 891 Consul
1513 864 1624 892 anno
1667 856 1764 892 674.
1802 858 1890 891 tres
1928 860 2085 900 mares,
2121 853 2185 887 to-

1308 914 1525 966 tidemque
1540 914 1735 954 foeminas
1768 914 1957 965 sustulit,
1987 924 2063 953 xv.
2095 910 2187 963 Ap·

1308 978 1441 1030 pium,
1454 979 1621 1031 Caium,
1637 985 1682 1019 et
1700 979 1916 1020 Publium.
1944 978 2112 1030 Appius
2131 988 2186 1016 ex

1308 1041 1543 1081 Consulatu
1573 1055 1682 1082 anno
1715 1046 1810 1083 699.
1859 1042 2052 1082 Ciliciam
2074 1050 2185 1080 anno

1309 1109 1408 1144 ante
1429 1105 1679 1145 Ciceronem
1713 1105 1886 1145 sortitus
1919 1108 2001 1156 est,
2025 1103 2186 1143 Censu-

1306 1179 1481 1220 ramque
1502 1169 1630 1219 gessit
1646 1181 1740 1209 cum
1762 1169 1814 1208 L.
1838 1169 2007 1207 Pisone.
2066 1166 2182 1207 Pub-

1306 1232 1389 1271 lius
1414 1231 1643 1271 seditiosus
1674 1233 1748 1272 ille
1778 1231 1991 1272 Tribunus
2009 1229 2184 1270 Cicero-

1306 1306 1402 1333 nem
1436 1294 1542 1334 urbe
1570 1295 1753 1346 expulit,
1781 1300 1826 1334 et
1854 1307 1878 1334 a
1910 1283 2083 1333 Milone*
2102 1305 2184 1333 οω-

1308 1369 1377 1396 sus
1413 1364 1493 1397 est.
1551 1359 1662 1397 Duae
1701 1370 1755 1397 ex
1790 1357 1841 1396 iis
1871 1356 2031 1397 Clodiae
2067 1359 2183 1395 natae

1307 1425 1422 1472 sunt,
1440 1433 1617 1472 quarum
1651 1420 1800 1467 altera,
1830 1431 1925 1471 quae
1945 1417 2076 1470 Appii
2093 1416 2185 1469 filia

1307 1489 1415 1534 erat,
1445 1484 1524 1523 Cu.
1547 1483 1758 1534 Pompeio
1778 1482 1925 1534 Magni
1955 1480 2043 1521 filio
2075 1488 2187 1532 nup·

1307 1551 1452 1596 serat;
1483 1547 1634 1597 altera,
1649 1558 1744 1598 quae
1775 1544 1937 1594 Publii,
1955 1543 2005 1584 C.
2024 1542 2184 1583 Caesari

1309 1609 1547 1650 Octaviano
1567 1610 1821 1661 desponsata
1838 1608 1934 1648 fuit.
1965 1607 2094 1648 Caius
2114 1619 2184 1647 eo-

1307 1686 1399 1713 rum
1430 1672 1565 1713 frater
1596 1678 1757 1724 praeter
1789 1670 2070 1711 Tribunatum
2094 1670 2185 1709 nul·

1304 1738 1366 1777 los
1384 1737 1563 1777 honores
1580 1736 1760 1788 gessisse
1778 1735 1955 1786 legitur:
1985 1732 2059 1773 sed
2074 1731 2183 1772 filio·-

1306 1813 1424 1841 orum
1459 1801 1567 1840 alter
1593 1800 1764 1849 Sextus,
1799 1810 1895 1838 cum
1933 1809 1957 1836 a
1989 1796 2182 1848 partibus

1306 1864 1483 1904 Antonii
1516 1863 1723 1913 stetisset,
1760 1862 1917 1902 Consul
1946 1872 2056 1900 auno
2089 1863 2184 1900 715.

1307 1925 1439 1967 fuisse
1459 1926 1720 1979 perhibetur.
1760 1925 1830 1971 De
1849 1924 1902 1963 P.
1925 1922 2076 1964 Clodio
2093 1922 2184 1962 Tri-

1306 1990 1419 2031 buuo
1456 1990 1595 2043 plebis
1630 1991 1722 2030 haec
1768 1988 1960 2028 breviter
1992 1986 2183 2027 Velleius

1306 2054 1379 2094 lib.
1397 2066 1450 2093 11.
1480 2055 1492 2076 ⁴
1512 2054 1565 2094 P.
1589 2053 1760 2094 Clodius
1786 2052 1913 2091 homo
1934 2049 2104 2100 nobilis,
2123 2049 2184 2089 di-

1307 2122 1456 2167 sertus,
1486 2116 1640 2168 audax,
1667 2116 1739 2168 qui
1758 2126 1897 2166 neque
1917 2113 2091 2154 dicendi
2109 2125 2182 2153 ne-

1307 2192 1389 2231 que
1407 2178 1594 2219 faciendi
1614 2180 1762 2228 ullum,
1779 2177 1860 2217 nisi
1890 2189 2016 2230 quem
2037 2178 2182 2228 vellet,

1304 2247 1448 2282 nosset
1481 2242 1666 2293 modum,
1700 2243 1906 2281 malorum
1941 2241 2182 2294 proposito-

1305 2317 1396 2344 rum
1417 2310 1623 2344 executor
1640 2304 1895 2345 acerrimus.’
1942 2314 1943 2317 ’
2142 2304 2150 2311 “

680 2564 1016 2619 CLAUDII
1054 2564 1430 2618 NERONES
1471 2565 1856 2621 PATRICII.

411 2727 478 2755 1x.
496 2716 571 2756 Tr.
593 2717 824 2758 CLAunan
841 2718 977 2758 NERO
997 2716 1115 2769 App.
1139 2717 1231 2758 Cae.-

358 2777 398 2817 ci
413 2776 523 2818 filius
541 2790 585 2818 x.
601 2779 705 2819 duos
720 2780 914 2831 suscepit
932 2781 1090 2820 liberos
1106 2779 1231 2819 Tibe-

356 2840 465 2879 rium
503 2847 549 2882 et
577 2842 792 2882 Publium.
848 2854 915 2883 xl.
946 2844 1089 2895 Hujus
1121 2843 1233 2882 filius

356 2902 515 2943 Consul
528 2916 639 2945 anno
659 2909 752 2946 551.
783 2918 868 2946 xn.
887 2919 1038 2959 nepos,
1069 2919 1174 2948 x111.
1190 2912 1236 2947 et

355 2978 572 3019 pronepos
609 2969 842 3021 Praetores,
881 2983 1027 3011 omnes
1072 2971 1236 3011 Tiberii

357 3030 479 3071 dicti.
502 3042 568 3071 x1.
600 3033 668 3071 Ex
687 3033 861 3073 Tiberio
881 3033 997 3085 App.
1019 3035 1138 3074 Caeci
1159 3046 1232 3074 ne-

356 3100 461 3145 pote
489 3100 614 3136 natus
643 3101 711 3136 est
743 3098 868 3138 Caius
901 3098 971 3137 ille
1009 3099 1141 3144 Nero,
1163 3098 1234 3150 qui

359 3157 518 3197 Consul
537 3171 647 3199 anno
666 3163 759 3200 546.
787 3172 883 3199 cum
916 3160 1037 3201 Livio
1069 3161 1232 3200 Salina-

356 3225 449 3259 tore
482 3220 770 3262 Asdrubalem
800 3221 979 3263 fratrem
1014 3222 1233 3263 Annibalis

357 3282 412 3321 ad
443 3283 685 3325 Metaurum
718 3283 874 3326 flumen
911 3297 1007 3326 cum
1038 3286 1233 3327 exercitu

1300 2718 1480 2769 cecidit3
1531 2719 1759 2771 copiasque
1787 2717 2013 2759 Annibalis
2049 2719 2180 2770 semel

1301 2787 1430 2835 atque
1467 2783 1622 2822 iterum
1671 2781 1811 2830 fudit3
1859 2782 2180 2834 Censuramque

1302 2845 1522 2897 aliquanto
1542 2850 1641 2896 post
1656 2839 1787 2896 gessit
1807 2857 1903 2884 eum
1933 2844 2080 2884 eodem
2110 2845 2180 2884 Li-

1305 2908 1388 2948 vio.
1445 2909 1511 2947 Ex
1531 2907 1642 2947 illius
1661 2907 1888 2959 nepotibus
1909 2907 2049 2946 nullus
2070 2907 2180 2948 Con-

1304 2971 1367 3010 sul
1399 2969 1499 3020 fuit,
1526 2970 1726 3010 Praetorii
1747 2970 1844 3009 duo.
1883 2969 2090 3021 Abnepos
2109 2970 2180 3010 Ti.

1303 3034 1440 3083 Nero,
1472 3033 1675 3074 Quaestor
1696 3034 1744 3073 C.
1777 3034 1961 3073 Caesaris
1993 3033 2038 3073 in
2068 3034 2181 3074 bello

1302 3095 1613 3146 Alexandrino,
1639 3108 1690 3135 ex
1710 3096 1830 3135 Livia
1849 3095 2095 3148 procreavit
2113 3096 2182 3135 Ti-

1303 3158 1485 3209 berium,
1505 3165 1656 3211 postea
1667 3158 1994 3210 Imperatorem,
2008 3163 2053 3198 et
2070 3157 2183 3197 Dru-

1303 3235 1394 3262 sum
1410 3222 1730 3274 Germanicum,
1749 3221 1803 3262 de
1815 3221 1967 3282 quibus
1984 3221 2030 3262 in
2050 3226 2180 3272 gente

1301 3286 1429 3327 Julia.
