2352 4022
393 299 500 350 450
885 311 1140 349 VAnnRu
1185 310 1429 349 MAXIMI
1476 311 1595 350 mn.
1633 313 1717 350 ιν.

392 446 727 507 percurrens
802 430 992 497 Scipio
1020 429 1359 481 AEmilianus
1383 434 1510 497 post
1534 430 1676 482 duos
1701 430 1939 499 inclytos
1959 434 2215 497 consula-

392 523 504 579 ωε,
529 516 863 581 totidemque
898 519 1073 564 suae49
1099 513 1402 580 praecipuae
1431 514 1624 580 gloriae
1647 515 1970 582 triumphos,
1997 523 2224 584 septem

392 601 571 652 servis
596 598 957 666 sequentibus
986 597 1167 650 officio
1193 597 1521 664 legationisb
1546 599 1765 651 functus
1792 603 1894 651 est.
1942 599 2030 663 Et,
2050 607 2216 670 put0,

392 683 737 750 Carthaginis
762 698 828 733 ac
856 681 1180 744 Numantiae
1222 682 1422 749 spoliis
1465 700 1789 751 comparare
1827 683 2026 751 plures.
2055 689 2217 752 potu·

389 773 525 830 erat,
550 768 656 819 nisi
683 783 911 834 operum
955 782 1175 818 suorum
1216 767 1287 819 ad
1313 783 1373 820 se
1396 768 1640 831 laudem,
1681 768 1977 822 manubias
2019 769 2090 821 ad
2115 786 2215 838 pa,-

387 855 551 907 triam
591 852 894 903 redundare
934 851 1245 903 maluisset.
1322 853 1521 921 Itaque
1548 870 1672 905 cum
1698 840 2009 920 per-socios
2035 858 2092 906 et
2117 870 2216 907 ex-

388 943 532 988 teras
572 941 759 1003 gentes
798 937 900 988 iter
924 937 1149 999 faceret,
1189 954 1299 989 non
1326 939 1605 1006 mancipia
1647 937 1788 1006 ejuS‚
1827 937 1931 989 sed
1955 938 2214 1004 victoriae

385 1022 840 1073 numerabantur:
857 1027 901 1058 ⁵0
937 1037 1041 1073 nec
1063 1027 1330 1088 quantum
1353 1024 1472 1074 auri
1492 1029 1550 1074 et
1574 1022 1808 1090 argenti,
1831 1021 2215 1090 sedquantum

385 1105 762 1172 amplitudinis
788 1106 1008 1172 pondus
1035 1121 1224 1157 secum
1248 1106 1437 1170 ferret,
1466 1107 1861 1160 aestimabatur..

456 1192 545 1240 14.
598 1189 953 1241 Continentia
988 1206 1122 1241 vero
1167 1190 1335 1241 etiam
1379 1191 1437 1241 in
1476 1191 1752 1243 universae
1790 1191 1968 1261 plebis
2010 1190 2213 1243 animis

382 1290 769 1342 saepenumero
798 1274 1019 1341 cognita
1045 1278 1164 1326 est:
1205 1274 1302 1326 sed
1342 1274 1556 1326 abunde
1592 1274 1708 1336 erit,
1749 1289 1824 1325 ex
1848 1273 1935 1328 his
1962 1273 2076 1325 duo
2115 1290 2214 1326 ex-

383 1360 569 1427 empla
607 1359 771 1425 longe
811 1359 955 1410 inter
1001 1375 1062 1412 se
1110 1359 1452 1427 distantium
1491 1359 1823 1411 saeculorum
1865 1359 2146 1422 retulisse.
2171 1363 2230 1432 ⁵¹3

382 1446 645 1514 PyrrhuS,
668 1447 903 1512 impetus
931 1445 1020 1496 sui
1045 1450 1242 1497 terrore
1269 1445 1473 1506 solut0,
1501 1461 1569 1497 ac
1587 1444 1708 1513 jam
1726 1442 2026 1513 Epiroticis
2049 1444 2225 1518 armis?

380 1531 779 1598 languentibus,
795 1535 814 1557 ⁰
838 1530 1284 1582 benevolentiam
1312 1529 1516 1598 populi
1533 1528 1778 1581 Romani
1802 1529 2050 1591 mercari,
2077 1529 2213 1596 quia

379 1617 633 1667 virtutem
659 1614 943 1666 debilitare
970 1615 1313 1682 nequiverat,
1339 1613 1620 1681 cupiensf
1650 1630 1814 1681 paene
1856 1617 2033 1686 totum
2073 1614 2210 1685 regi-

379 1715 532 1751 arum
575 1715 746 1766 opum
791 1701 1119 1766 apparatum
1168 1700 1226 1750 in
1277 1699 1467 1749 urbem
1515 1704 1762 1750 nostram
1814 1697 2209 1771 transtulit,⁵2f¹

434 1873 454 1900 ¹‘
487 1874 664 1926 Pyrrhus
682 1874 749 1913 ubi
767 1874 884 1922 vidit,
900 1877 938 1912 et
960 1878 1162 1923 terrorem,
1180 1885 1292 1923 quem
1308 1875 1477 1912 adventu
1495 1885 1565 1912 suo
1583 1874 1786 1924 injecerat,
1811 1872 2012 1912 evanuisse
2024 1887 2040 1920 ,-
2067 1875 2106 1912 et
2123 1870 2209 1911 ani-

377 1940 458 1966 mos
479 1928 732 1978 Epirotarum
749 1929 800 1966 ad
821 1928 960 1966 bellum
990 1929 1291 1977 persequendum
1306 1928 1566 1975 languescere,
1582 1927 1740 1978 cupiens
1758 1927 1833 1965 sihi
1851 1927 1962 1965 donis
1981 1931 2021 1965 et
2038 1926 2209 1965 muneri-

381 1982 451 2019 bus
475 1982 679 2020 conciliare
703 1981 918 2020 amicitiam
948 1980 1228 2031 Romanorum,
1256 1993 1420 2031 quorum
1449 1981 1638 2020 virtutem
1668 1980 1789 2019 armis
1815 1979 2009 2030 frangere
2036 1992 2112 2019 non
2140 1990 2209 2030 po-

381 2039 527 2076 tuerat.

378 2208 567 2258 majorum
583 2212 799 2246 nostrornm
819 2208 1054 2248 memoriam.
1058 2211 1165 2248 —49
1194 2208 1451 2248 Perizonius
1473 2208 1660 2257 dubitat,
1687 2211 1827 2251 utrum
1857 2206 2085 2263 delendum
2115 2217 2212 2257 auce,

380 2275 432 2300 an
454 2262 632 2312 potiuss
617 2261 1114 2312 cribendumproecipue.
1117 2265 1223 2301 ——50
1255 2262 1410 2314 Ultraj.
1433 2265 1471 2302 1.
1503 2269 1549 2301 et
1574 2263 1676 2301 Vet.
1707 2261 2048 2303 enumerabuntur.
2103 2260 2210 2306 Mox

379 2323 546 2366 septem
567 2315 694 2354 codd.
715 2316 892 2354 Torr.en
913 2315 1224 2355 existimabatur.
1227 2319 1333 2355 -51
1363 2316 1434 2355 Sic
1454 2316 1654 2355 vorstius
1682 2315 1837 2364 edidit,
1864 2315 2064 2366 huncque
2094 2313 2209 2354 ordi-

379 2381 476 2407 nem
497 2369 723 2407 verborum
745 2367 982 2407 defendunt
1002 2370 1196 2421 plerique
1218 2370 1325 2409 Mss.
1361 2375 1406 2408 et
1424 2370 1528 2408 Vet.
1558 2381 1653 2409 cum
1688 2369 1865 2420 Pighius
1895 2367 2111 2408 dedisset·
2141 2369 2210 2410 sed

377 2423 528 2461 abunde
559 2423 653 2470 erit,
678 2423 792 2471 longe
822 2423 927 2461 inter
957 2434 997 2460 se
1023 2423 1256 2462 distantium
1287 2424 1510 2463 saeculovum
1541 2424 1616 2462 duo
1647 2435 1699 2462 ex
1727 2422 1789 2462 his
1817 2423 1992 2472 exempla
2018 2421 2210 2464 retulisse.

378 2476 540 2515 Brand.
560 2479 600 2516 l.
617 2480 657 2515 2.
677 2481 722 2514 et
742 2476 1062 2517 multi'lorien
1081 2488 1175 2515 cum
1197 2475 1293 2516 edd.
1314 2477 1446 2528 antiq.
1466 2482 1652 2517 nostram
1674 2486 1846 2537 quoque
1875 2479 2089 2519 testantur
2119 2474 2207 2512 lec-

378 2530 554 2568 tionem.
610 2530 776 2568 Decem
797 2530 974 2569 To.1ren
996 2541 1092 2568 cum
1115 2529 1234 2582 Mog.
1255 2530 1298 2570 in
1331 2529 1527 2569 universis
1556 2529 1678 2579 plebis
1708 2529 1878 2571 animis.-
1906 2528 2034 2579 vulgo
2053 2526 2207 2574 edeba-

377 2588 473 2621 tur:
504 2582 694 2622 universis
719 2583 843 2632 plebis
874 2583 1016 2621 animis
1049 2583 1139 2622 sine
1174 2584 1493 2635 praepositione.
1494 2587 1600 2622 —52
1630 2582 1701 2622 Sic
1735 2582 1912 2622 Torren.
1947 2579 2207 2621 auctoritate

1210 2703 1252 2742 N
1257 2702 1386 2742 OTAE

1331 2798 1470 2838 denuo
1502 2799 1564 2838 ita
1597 2798 1839 2851 vicerimus,
1871 2802 2014 2840 actum
2046 2796 2100 2850 de
2131 2808 2206 2836 no-

1329 2861 1392 2901 bis
1412 2862 1524 2902 erit!
1580 2863 1687 2902 Tum
1704 2864 1988 2916 Romanorum
2003 2860 2206 2916 virtutem

1330 2925 1582 2965 admiratus:
1615 2925 1627 2947 ‘
1650 2925 1689 2964 Ο
1709 2936 1835 2976 quam
1853 2922 1983 2963 facile
2000 2921 2126 2977 erat,'
2141 2923 2209 2962 in·

433 2796 450 2823 ¹²
473 2798 612 2850 Officio
631 2798 860 2850 legationis]
884 2797 1083 2848 Quando,
1100 2810 1185 2849 qua
1204 2797 1259 2837 de

380 2873 525 2910 causa,
543 2859 596 2899 ad
617 2872 740 2912 quem
762 2861 910 2912 Scipio
931 2860 1180 2900 AEmiliauus
1200 2860 1259 2899 le·

377 2930 503 2973 gatus
523 2925 673 2970 missus
700 2924 770 2973 sit,
798 2924 1025 2963 obscurum
1053 2929 1147 2963 est:
1190 2923 1260 2975 qui

378 2987 489 3024 enim
512 2987 554 3025 id
589 2991 748 3038 praeter
767 2987 987 3026 Valerium
1023 2987 1261 3039 scripserit,

379 3051 461 3100 legi
483 3051 709 3090 neminem.

431 3119 448 3139 c
478 3115 614 3155 Armis
646 3113 937 3164 languentibus]
968 3114 1151 3153 Fallitur
1170 3115 1255 3161 Va-

377 3177 533 3216 lerius:
565 3178 701 3216 victor
720 3178 833 3216 enim
865 3176 919 3216 de
955 3176 1128 3216 Laevino
1149 3178 1256 3228 Pyr-

378 3240 476 3277 rhus
494 3240 680 3290 Cyneam
698 3242 873 3279 Romam
889 3239 1028 3288 misit3
1052 3239 1092 3278 id
1116 3245 1257 3279 tamen

378 3301 560 3340 inficiari
580 3314 663 3341 non
697 3309 765 3341 est
797 3303 961 3350 animus
988 3314 1039 3342 ex
1070 3301 1256 3352 Epirotis

378 3362 629 3402 fortissimos
650 3377 837 3417 quosque
858 3365 1092 3405 cecidisse:
1124 3376 1257 3416 quare

378 3426 569 3476 Pyrrhus
607 3427 661 3466 de
711 3427 893 3467 victoria
943 3426 1257 3477 gratulantibus

381 3490 527 3529 amicis
569 3502 652 3529 non
686 3491 860 3541 illepide
894 3490 1146 3541 respondit3
1175 3490 1186 3512 ‘
1214 3490 1259 3529 Si

1329 2991 1436 3042 quit,
1463 2991 1475 3012 ‘
1498 2989 1612 3029 orbis
1638 2988 1864 3040 imperium
1884 2997 2114 3037 occupare,
2131 2990 2207 3037 aut

1328 3053 1430 3092 mihi
1452 3053 1652 3093 Romanis
1671 3050 1888 3103 militibus,
1908 3055 1984 3095 aut
2003 3061 2070 3089 me
2085 3049 2214 3101 Rege

1326 3115 1563 3156 Romanis!
1622 3116 1692 3154 Ita
1716 3116 1882 3163 Florus,

1377 3177 1396 3204 ὃ
1417 3178 1468 3217 In
1487 3177 1618 3224 urbem
1637 3182 1807 3217 nostram
1829 3175 2056 3230 transtulit]
2073 3173 2203 3227 Apud

1327 3242 1541 3293 Pyrrhum
1582 3241 1664 3280 duo
1706 3241 1786 3279 viri
1822 3238 2048 3292 plurimum
2083 3243 2204 3289 pote-

1330 3311 1437 3354 rant,
1464 3305 1575 3344 Milo
1613 3310 1658 3344 et
1697 3304 1891 3356 Cyneas:
1935 3314 2016 3340 nec
2052 3313 2203 3354 pacem

1324 3365 1577 3420 faciendam,
1612 3378 1692 3405 nec
1729 3366 1923 3416 captivos
1960 3363 2202 3405 reddendos

1327 3428 1532 3468 censebat
1555 3429 1688 3476 Milo;
1718 3428 1883 3479 Cyneas
1903 3439 2021 3477 vero,
2049 3433 2105 3470 et
2123 3425 2202 3470 foe-

1327 3489 1405 3529 dus
1427 3502 1521 3529 cum
1543 3490 1742 3530 Romanis
1763 3489 2011 3544 ineundum,
2029 3495 2080 3530 et,
2098 3500 2197 3543 cap—
