2352 4022
487 336 619 376 cAr.
652 335 781 373 vm.
822 331 1101 375 nummi
1138 331 1611 373 TRIUMPHANDL
1850 319 1959 374 303

131 469 305 509 sonas
330 458 387 506 et
411 460 593 507 actum
618 460 674 508 et
709 469 1012 507 excussum
1055 458 1159 504 est.
1235 450 1300 504 C.
1329 450 1587 504 Lutatius
1628 451 1861 502 consul⁸
1901 457 1960 504 et

135 538 208 603 Q.
256 538 521 591 Valerius
572 540 789 592 Praetor
834 537 984 590 circa
1035 537 1286 590 Siciliam
1335 537 1604 603 insignem
1655 535 1963 588 Poenorum

136 624 412 677 classem¹3
449 624 800 678 deleverant:
840 638 954 691 quo
1001 623 1226 674 nomine
1253 622 1483 675 Lutatio
1522 620 1740 674 consuli
1773 621 1965 672 trium-

134 708 306 777 phum
331 715 559 761 senatus
585 705 875 760 decrevit-'⁹
950 706 1092 759 Cum
1135 711 1318 759 autem
1357 702 1653 760 Valerius¹¹
1692 705 1800 757 sibi
1839 721 1966 757 eum

136 807 364 860 quoque
388 793 610 846 decerni
633 792 986 854 desideraret,
1010 792 1228 858 negavit
1266 792 1325 844 id
1365 791 1482 843 fieri
1520 795 1773 858 oportere
1798 789 1967 842 Luta-

136 877 269 940 tius,
294 893 366 931 ne
392 878 448 930 in
471 878 682 931 honore
709 877 972 947 triumphi
1011 877 1188 928 minor
1214 881 1465 944 potest-as
1490 875 1692 943 majori
1717 891 1970 943 aequare-

135 962 258 1013 tur!
356 961 820 1028 Pertinaciusque
882 975 1182 1028 progressa
1248 961 1624 1025 contentione,
1700 960 1969 1013 Valerius

136 1046 437 1113 sponsione
464 1045 745 1098 Lutatium
770 1045 1138 1112 provocavit:
1158 1055 1175 1076 ⁶
1214 1049 1230 1072 ‘
1252 1046 1331 1098 Ni
1371 1061 1477 1097 suo
1518 1045 1692 1097 ductu
1718 1044 1972 1119 Punica⁹

136 1129 337 1182 classis
362 1135 513 1183 esset
544 1129 854 1198 oppressa?
926 1129 1054 1183 Nec
1096 1130 1375 1183 dubitavit
1417 1127 1768 1197 restipularii
1804 1130 1974 1183 Luta-

136 1213 289 1272 tius!
363 1214 562 1283 Itaque
579 1215 759 1283 judex
783 1215 926 1267 inter
956 1231 1058 1267 eos
1099 1216 1359 1268 convenit
1384 1213 1597 1266 Atilius
1625 1213 1912 1266 Calatinus
1929 1210 1977 1279 ;j

137 1298 290 1366 apud
314 1314 478 1366 quem
502 1298 767 1352 Valerius
807 1299 864 1351 in
903 1298 1051 1351 hunc
1089 1299 1321 1351 modum
1347 1299 1495 1367 egit3
1537 1302 1552 1326 ‘
1576 1300 1862 1350 consulem
1906 1315 1978 1351 ea

138 1398 328 1451 pugna
349 1383 406 1436 in
430 1382 634 1436 lectica
658 1383 926 1436 claudum
960 1383 1239 1452 jacuisse,
1287 1400 1348 1436 se
1374 1389 1563 1436 autem
1590 1385 1849 1436 omnibus
1873 1385 1977 1437 im-

138 1468 430 1536 peratoriis
454 1469 704 1535 partibus
730 1466 1017 1520 functum.'
1090 1468 1251 1520 Tunc
1293 1467 1607 1531 CalatinuS,
1649 1469 1978 1536 priusquam

139 1551 404 1607 Lutatius
421 1567 649 1606 causam
677 1569 832 1605 suam
856 1551 1166 1606 ordiretur:
1193 1557 1208 1579 ‘
1226 1551 1476 1617 Quaer0,’
1503 1554 1705 1619 inquit,
1733 1553 1978 1616 ‘Valeri‚

141 1653 176 1689 a
213 1643 284 1700 te,
324 1636 393 1699 si,
435 1635 817 1689 dimicandum
861 1653 1038 1689 necne
1081 1642 1306 1700 esset‚¹0
1342 1638 1639 1690 contrariis
1681 1639 1829 1690 inter
1878 1653 1982 1689 vos

140 1720 422 1773 sententiis
447 1720 870 1784 dissedissetiS,⁸
894 1725 1076 1774 utrum
1100 1721 1251 1789 quod
1273 1721 1487 1785 consul,
1507 1737 1579 1774 an
1602 1719 1751 1789 quod
1773 1725 1980 1789 praetor

193 1871 211 1898 ὃ
241 1874 303 1913 Ne
319 1874 362 1914 in
376 1875 517 1915 honore
536 1875 726 1926 triumphi
742 1875 869 1915 minor
886 1879 1058 1928 potestas
1078 1876 1282 1917 Praetoria
1296 1882 1519 1928 oequaretur
1536 1875 1677 1926 majori
1695 1876 1917 1917 Consulari.

193 1932 211 1953 θ
245 1927 420 1967 Valerius
432 1930 656 1979 provocavit
674 1929 882 1968 Lutatium
899 1930 1136 1980 depositione
1146 1930 1335 1981 pecunioe.

194 1978 216 2006 θ
246 1980 334 2021 Nec
350 1982 548 2022 dubitavit
567 1983 755 2023 Lutatius
763 1983 973 2034 pecuniam
990 1984 1112 2023 etiam
1129 1986 1331 2034 deponere.

142 2089 159 2125 t
197 2032 287 2126 ‘dSi
305 2047 372 2074 vos
399 2036 550 2118 surgam
565 2036 799 2076 habuissetis
824 2038 1075 2088 sententiam,
1105 2050 1155 2077 an
1174 2051 1261 2078 cum
1288 2038 1463 2079 hostibus
1491 2038 1675 2091 proelz'um
1694 2042 1791 2078 esset
1810 2037 1984 2077 commit-

162 2098 208 2126 επ
237 2100 316 2138 um,
333 2100 454 2128 necne
467 2118 479 2129 .

907 2155 1031 2171 ΟΜΝ

142 2221 278 2262 urbem
306 2222 535 2263 intrassent.
593 2223 720 2265 Harl.
752 2237 840 2264 vere
873 2225 922 2264 ab
953 2225 1031 2266 iis.-
1057 2225 1216 2277 Ultraj.
1247 2238 1336 2266 vere
1364 2227 1413 2266 ab
1440 2226 1612 2265 hiis—s
1642 2225 1798 2277 Copes.
1838 2225 1986 2264 Consul

144 2275 334 2316 Lutatius
352 2277 548 2324 Catulum
576 2277 698 2317 Harl.
737 2280 900 2318 Catulus
932 2280 1141 2319 Luctatius
1155 2293 1170 2327 ,·
1201 2280 1322 2320 Voss.
1363 2280 1551 2319 Claudius
1568 2279 1804 2326 Luctatius5
1830 2279 1984 2318 Leidd.

145 2334 187 2370 6.
205 2331 249 2368 7.
271 2331 319 2369 C.
340 2330 549 2370 Lactantius
570 2331 737 2371 Catulus
756 2333 846 2371 Cos.
876 2333 1018 2373 Bitnr.
1036 2333 1227 2372 Lucatius
1254 2335 1383 2373 consul
1405 2335 1570 2373 Catulus
1579 2347 1595 2380 ;
1624 2335 1805 2373 Venett.
1837 2332 1986 2372 Lucta-

143 2382 393 2424 tiuconsul:
422 2395 520 2423 cum
540 2385 662 2424 Leid.
682 2390 723 2425 6.
745 2387 947 2426 convenit
967 2387 1086 2437 Mog.
1138 2387 1251 2427 Vide
1269 2399 1374 2440 quos
1406 2388 1514 2427 citat
1531 2387 1696 2427 Duker.
1717 2388 1771 2426 ad
1793 2387 1910 2426 Flor.
1931 2397 1985 2426 11.

144 2438 185 2476 Β.
205 2439 356 2476 83.--9
386 2437 444 2477 Ni
462 2449 531 2477 suo
546 2440 668 2478 ductu
685 2439 850 2479 Poenica
868 2439 911 2478 in
932 2441 1085 2492 Camp.
1141 2442 1154 2464 ‘
1172 2442 1275 2480 Vet.
1299 2447 1346 2481 et
1367 2441 1482 2492 Lips.
1499 2453 1597 2480 cum
1617 2441 1858 2481 octodecim
1874 2440 1986 2479 Mss.

147 2490 243 2531 Non
260 2501 302 2530 se
317 2490 535 2542 petiturum
552 2493 811 2544 triumphum,
836 2493 916 2532 nisi
934 2506 1018 2542 suo,
1042 2497 1108 2546 &a
1163 2494 1247 2534 Sed
1270 2494 1429 2535 verba:
1460 2507 1534 2534 non
1561 2507 1597 2534 s.
1630 2508 1671 2547 p.
1704 2493 1945 2545 triumphum
1962 2505 1988 2533 e

145 2544 338 2595 margine
358 2545 402 2583 in
423 2550 589 2585 textum
608 2546 832 2598 irrepsisse
854 2546 1069 2588 videntur.
1110 2547 1220 2587 Nam
1244 2555 1414 2588 vetusta
1428 2549 1670 2600 sponsionis
1691 2546 1876 2587 formula
1895 2552 1986 2588 est:

153 2596 550 2648 Nemeac-tame:
576 2599 721 2651 Kapp.
778 2601 923 2639 Verba
955 2608 1158 2653 suspecta
1193 2601 1350 2642 absunt
1382 2603 1511 2642 etiam
1546 2614 1571 2642 a
1600 2602 1762 2642 Brand.
1797 2606 1835 2642 1.
1868 2604 1908 2641 2.
1941 2605 1988 2640 et

148 2650 294 2690 multis
310 2651 488 2691 Torren.
510 2652 552 2691 in
572 2653 694 2693 Leid.
713 2656 754 2692 7.
789 2654 978 2705 ascripta
1009 2661 1109 2694 sunt
1141 2656 1183 2694 in
1217 2668 1352 2708 marg.
1387 2656 1442 2696 ab
1476 2657 1529 2695 al.
1560 2668 1616 2695 m.
1651 2655 1782 2696 Aldd.
1814 2654 1987 2706 Gryph.

148 2703 288 2744 Coun.
307 2703 455 2746 Chalc.
477 2704 664 2758 Herbip.
685 2713 730 2747 et
748 2707 900 2759 steph.
922 2709 1203 2749 consentiunt
1220 2722 1316 2749 cum
1334 2711 1433 2751 Vet.
1452 2716 1498 2750 et
1516 2709 1746 2762 Lips.--10
1766 2709 1920 2762 Copes.
1942 2714 1990 2748 et

979 2816 1158 2858 NOTAE

203 2896 224 2925 Ε
254 2891 457 2941 Insignem
492 2893 706 2934 Poenorum
741 2896 922 2948 classem]
965 2898 1036 2938 De
1107 2897 1244 2949 stipe3
1276 2910 1412 2949 genus
1448 2902 1544 2938 erat
1582 2896 1797 2951 quoddam
1830 2895 1990 2936 numis-

152 2952 307 2992 catulo
326 2954 503 3008 ejusque
524 2956 710 2996 victoria
728 2959 891 3009 egimus
912 2957 985 3000 lib.
1002 2970 1034 3000 1.
1103 2961 1257 3011 matis3
1302 2962 1413 3013 stips
1448 2973 1552 3001 vero
1585 2974 1610 3001 a
1642 2962 1777 3002 verbo
1809 2961 1990 3012 stipare,

151 3030 187 3060 c.
205 3021 246 3060 3.
276 3031 318 3061 n.
338 3022 380 3061 1.
1103 3023 1220 3076 quod
1238 3023 1353 3064 idem
1375 3024 1508 3075 valet,
1537 3036 1587 3066 ac
1609 3024 1654 3065 in
1674 3026 1814 3065 locum
1835 3035 1990 3075 angus-

202 3081 231 3106 ⁸
259 3080 345 3123 An.
368 3083 432 3123 M.
452 3086 576 3124 3818.
629 3084 703 3126 Ol.
723 3088 818 3125 134.
835 3089 877 3128 4.
924 3086 1033 3128 Urb.
1103 3092 1194 3128 tum
1226 3088 1344 3140 qnasi
1364 3088 1626 3129 condensare
1646 3102 1656 3127 :
1686 3100 1766 3128 nec
1785 3088 1900 3128 enim
1919 3098 1989 3127 ve-

152 3144 203 3186 C.
223 3148 319 3189 512.
366 3143 472 3187 Ant.
492 3147 543 3187 C.
563 3150 659 3188 240.
1102 3155 1218 3191 teres
1254 3151 1482 3202 pecuniam
1516 3157 1592 3192 aut
1620 3162 1869 3200 numerare,
1913 3154 1990 3190 aut

204 3206 225 3235 ὓ
257 3208 451 3262 Valerius]
479 3211 608 3251 Falco
627 3223 682 3251 ex
696 3212 951 3256 Levinorum
976 3213 1036 3255 fa·
1101 3213 1146 3254 in
1166 3214 1317 3256 loculis
1334 3226 1523 3264 servare,
1552 3213 1626 3254 sed
1647 3219 1691 3254 et
1713 3210 1918 3264 pe‘ndere,
1943 3216 1990 3251 et

152 3273 287 3325 milia,
324 3274 402 3327 qui
437 3275 599 3317 Consul
637 3274 722 3316 fuit
755 3289 868 3319 anno
905 3279 1036 3320 Urbis
1101 3277 1145 3317 in
1163 3278 1374 3318 thesauris
1396 3289 1607 3328 reponere
1627 3278 1837 3317 solebant.

153 3339 250 3378 514.
346 3367 351 3372 -
1154 3338 1169 3375 J
1193 3340 1348 3382 Atilius
1371 3340 1597 3392 Calatinus]
1619 3341 1704 3383 Qui
1725 3340 1788 3381 bis
1812 3341 1989 3391 Consul,

207 3397 219 3425 ¹
243 3398 509 3453 Rutipulari]
531 3402 629 3444 Hoc
649 3408 716 3444 est
735 3410 889 3446 contra
906 3418 1035 3458 spon·
1103 3405 1238 3445 semel
1266 3404 1475 3445 Dictator
1507 3416 1554 3444 re
1583 3408 1736 3444 contra
1766 3405 1925 3446 Poenos
1943 3404 1988 3444 in

152 3460 316 3502 sionem
343 3473 371 3503 a
407 3463 580 3504 Valerio
609 3464 768 3508 factam
809 3469 1037 3520 pecuniam
1101 3468 1252 3511 Sicilia
1270 3467 1460 3510 feliciter
1478 3474 1600 3519 gesta
1618 3468 1915 3521 triumphavit.
1975 3483 1978 3488 ·

155 3521 373 3574 obligare:
417 3525 616 3579 stipulari
652 3529 765 3573 enirn
800 3531 975 3573 ducitur
1011 3543 1038 3573 a
