2242 3958
660 336 969 378 GENTIBUS
1012 335 1087 375 ΕΤ
1130 332 1435 375 FAMILHS.

151 465 201 501 nt
214 458 356 501 multis
372 459 530 510 placet,
566 458 754 498 Chrisms
786 461 913 496 natus
942 460 1023 494 est.

152 523 190 564 E
202 522 320 565 Ruris
336 523 417 563 duo
431 522 611 561 maxime
626 519 818 560 celebres
834 517 1022 567 fuerunt,

151 586 331 628 Publius
363 589 411 625 et
446 584 618 625 Servius
635 596 646 622 z
677 582 747 622 ille
781 580 939 632 ingenii
977 585 1023 620 et

147 648 404 701 eloquentiae
423 645 641 696 laude,his
654 644 766 696 juris
786 642 922 683 civilis
941 643 1018 682 sci·

148 711 269 752 entis
301 710 472 751 floruit:
501 710 573 749 ille
591 707 882 748 inTribunatu
894 707 1020 757 jussu

152 774 299 826 Syllae,
323 774 392 814 cui
421 773 575 813 bellum
587 769 927 812 Mithridaticum
947 770 1021 810 ad-

1897 319 1970 371 69

1093 456 1271 502 emerat,
1292 462 1403 491 anno
1435 452 1530 490 665.
1563 453 1741 487 necatus
1771 453 1870 496 est;
1901 448 1971 490 hic

1093 516 1253 557 Consul
1287 526 1398 555 anno
1433 516 1530 553 702.
1556 523 1582 551 a
1619 511 1788 551 Caesare
1821 516 1974 551 contra

1092 580 1344 632 Pompeium
1364 579 1407 619 in
1422 577 1533 618 bello
1549 575 1664 616 civili
1685 575 1823 615 stetit.
1853 575 1974 616 Cice.

1091 656 1138 684 ro
1176 643 1379 683 Publium
1409 642 1451 681 in
1486 640 1607 681 libris
1626 639 1680 679 de
1704 638 1891 679 Oratore
1913 639 1970 678 lo·

1088 714 1293 760 quentem
1311 706 1492 757 inducit,
1518 710 1565 746 et
1581 704 1636 745 ad
1653 704 1846 746 Servium
1865 703 1971 743 mul-

1090 778 1156 814 tas
1174 772 1347 824 scripsit
1364 771 1585 825 epistolas.

710 937 1063 993 SULPICII
1103 939 1414 994 GALBAE.

204 1077 237 1106 ι.
266 1065 319 1105 Ρ.
341 1066 576 1105 SULPICIUS
598 1063 764 1105 GALBA
780 1064 1024 1116 Msxmus,

147 1129 281 1169 etiam
301 1128 335 1167 si
355 1128 468 1167 nullo
486 1127 622 1168 curuli
641 1127 802 1167 honore
821 1125 1024 1179 perfunc-

150 1196 220 1231 tus
238 1196 365 1237 esset,
397 1190 673 1231 Consulatum
700 1201 810 1229 anno
842 1193 936 1230 542.
963 1203 1025 1230 as-

148 1258 318 1295 secutus
337 1258 429 1293 est:
461 1259 506 1293 et
524 1253 741 1305 aliquanto
754 1263 853 1306 post
875 1255 1023 1295 Dicta-

151 1325 286 1360 turam
320 1325 367 1359 et.
402 1319 584 1359 alterum
613 1320 892 1360 Consulatum
912 1333 1023 1362 anno

148 1387 245 1424 553.
302 1383 367 1422 Ex
402 1393 457 1422 ιι.
502 1383 650 1423 Servio
688 1383 773 1423 filio
811 1384 1023 1424 Praetorio

151 1451 331 1497 nepotes
363 1444 528 1495 habuit,
566 1456 640 1486 ιιι.
677 1446 829 1487 Caium
857 1447 1024 1488 Praeto-

149 1509 260 1550 rium
278 1515 323 1549 et
341 1521 413 1549 111.
433 1509 625 1549 Servium
643 1515 825 1561 patrem,
839 1522 904 1550 iv·
924 1511 1021 1552 Ser-

151 1575 208 1615 vii
231 1574 384 1616 Galbae
420 1574 645 1624 Oratoris3
673 1575 743 1628 qui
773 1579 946 1615 vocatus
979 1576 1020 1615 in

140 1639 353 1690 judicium
401 1638 510 1689 quod
560 1638 696 1678 victus
737 1651 762 1678 a
805 1639 1020 1678 Lusitanis

146 1713 296 1741 eorum
328 1701 466 1742 multa
495 1701 629 1740 millia
660 1701 814 1753 insigni
842 1701 1021 1753 perfidia

150 1764 433 1814 trucidasset3
466 1764 614 1816 populi
652 1765 834 1808 animum
883 1767 1021 1817 preci-

150 1827 230 1868 bus
249 1832 294 1869 et
311 1827 508 1880 lacrymis
526 1825 665 1879 flexit,
695 1836 738 1867 et
766 1828 1020 1868 Consulatus

146 1889 349 1931 honorem
369 1889 481 1931 baud
500 1890 634 1931 multo
667 1896 766 1942 post
795 1903 904 1930 anno
923 1895 1019 1933 609.

147 1953 331 2006 adeptus
349 1959 432 1994 est.
490 1953 558 1994 Ex
592 1953 756 1994 duobus
788 1953 886 1994 filiis
912 1956 1023 1996 alter

149 2028 194 2057 v.
237 2017 367 2058 Caius
381 2019 537 2069 primus
552 2030 576 2058 e
593 2017 873 2058 Sacerdotum
893 2019 1021 2059 colle-

147 2080 219 2130 gio
249 2079 414 2131 judicio
456 2079 628 2132 publico
665 2079 889 2120 damnatus
936 2087 1020 2133 est,

147 2141 261 2182 alter
293 2154 357 2183 tx·
383 2143 555 2183 Servius
592 2154 702 2182 anno
731 2146 827 2183 645.
864 2144 1021 2184 Consul

149 2205 314 2257 genuit,
345 2217 411 2247 vt.
452 2205 646 2247 Servium
683 2206 731 2246 C.
765 2206 950 2247 Caesaris
979 2209 1022 2248 iu

150 2268 263 2309 bello
290 2269 461 2310 Gallico
479 2270 693 2320 legatum3
721 2281 775 2309 ex
793 2283 877 2323 quo
896 2276 1021 2312 natus

147 2343 233 2373 vu.
278 2333 451 2374 Servius
483 2334 555 2373 ille
592 2333 747 2384 Galba,
777 2333 848 2385 qui
879 2335 1022 2375 multi-

149 2395 305 2447 plicem
340 2395 518 2448 scripsit
548 2394 784 2445 historiam,
811 2396 933 2448 cujus
967 2409 1022 2437 ex

148 2467 247 2498 vm.
266 2456 352 2498 filio
373 2464 550 2512 nepotes
575 2457 770 2508 fuerunt,
800 2470 865 2499 rx.
895 2459 1022 2502 Caius

146 2519 307 2561 Consul
325 2533 435 2562 anno
453 2525 548 2563 774.
578 2527 624 2562 et
649 2530 715 2562 rx.
744 2521 916 2564 Servius
943 2523 1020 2564 du-

1095 1065 1197 1118 plici
1216 1066 1453 1107 Consulatu
1479 1076 1588 1104 anno
1617 1068 1712 1105 785.
1740 1069 1785 1104 et
1805 1067 1899 1105 821.
1927 1069 1974 1104 et

1091 1129 1370 1181 imperatoria
1389 1128 1602 1181 dignitate
1623 1128 1902 1168 clarissimus.

1145 1192 1299 1233 Galbae
1333 1192 1634 1243 Imperatoris,
1665 1198 1756 1231 tum
1790 1191 1973 1231 virtutes

1091 1260 1180 1295 tum
1202 1255 1309 1296 vitia
1329 1255 1479 1295 retulit
1502 1254 1677 1294 Tacitus
1702 1254 1818 1294 Hist.
1851 1258 1888 1295 1.
1904 1258 1971 1294 12.

1090 1319 1104 1340 ‘
1124 1319 1262 1358 Vetus
1295 1318 1338 1357 in
1365 1315 1529 1356 familia
1553 1317 1774 1368 nobilitas,
1805 1329 1971 1368 magnae

1089 1394 1209 1434 opes,
1221 1381 1303 1433 ipsi
1316 1380 1502 1421 medium
1513 1380 1890 1438 ingenium,hmagis
1901 1393 1976 1421 ex-

1092 1450 1158 1485 tra
1170 1445 1292 1496 vitia,
1308 1456 1434 1497 quam
1450 1456 1545 1484 cum
1566 1443 1795 1484 virtutibus
1813 1458 1823 1484 z
1846 1443 1971 1485 famae

1090 1519 1170 1547 nec
1204 1507 1459 1556 incuriosus,
1488 1518 1569 1547 nec
1597 1506 1868 1557 venditator-3
1897 1520 1972 1561 pe-

1090 1571 1227 1611 cuniae
1248 1572 1396 1611 alienae
1416 1582 1499 1610 non
1520 1576 1749 1623 appetens,
1770 1584 1859 1611 suae
1878 1584 1973 1623 par-

1090 1648 1180 1685 cus,
1218 1636 1402 1687 publicat
1443 1647 1630 1676 avarus:
1660 1635 1892 1676 amicorum
1924 1637 1972 1677 li-

1089 1699 1412 1752 bertorumque,
1431 1699 1504 1740 ubi
1517 1699 1560 1739 in
1575 1699 1710 1740 bonos
1731 1699 1971 1752 incidisset,

1088 1763 1179 1803 sine
1213 1763 1552 1816 reprehensione
1586 1763 1780 1815 patiens:
1811 1764 1847 1804 si
1872 1764 1973 1804 mali

1088 1825 1246 1878 forent,
1261 1839 1392 1880 usque
1413 1827 1466 1866 ad
1480 1827 1651 1878 culpam
1672 1827 1870 1878 ignarus:
1894 1828 1971 1868 sed

1088 1890 1261 1930 claritas
1298 1890 1524 1941 natalium,
1557 1895 1604 1930 et
1631 1897 1773 1932 metus
1805 1897 1972 1942 tempo-

1088 1965 1181 1993 rum
1202 1953 1406 2005 obtinuit,
1429 1959 1477 1993 ut
1504 1954 1617 2006 quod
1646 1954 1832 2006 segnitia
1860 1961 1971 2007 erat,

1090 2018 1302 2070 sapientia
1344 2024 1600 2059 vocaretur:
1650 2018 1751 2059 dum
1796 2019 1972 2071 vigebat

1090 2087 1195 2122 aetas
1215 2082 1390 2121 militari
1419 2082 1545 2122 laude
1579 2083 1693 2134 apud
1715 2083 1971 2123 Germanias

1089 2142 1259 2186 floruit:
1288 2146 1527 2186 Proconsul
1556 2144 1750 2186 Africam
1779 2147 1971 2186 modera-

1090 2213 1152 2258 te,
1173 2209 1265 2261 jam
1286 2209 1426 2249 senior
1450 2209 1697 2250 citeriorem
1713 2209 1971 2261 Hispaniam

1090 2272 1183 2323 pari
1194 2272 1366 2325 justitia
1378 2273 1591 2313 continuit
1608 2287 1619 2312 z
1649 2273 1787 2325 major
1803 2274 1972 2325 privato

1090 2335 1218 2387 visus,
1244 2347 1339 2375 cum
1361 2335 1553 2387 privatus
1572 2335 1687 2386 fuit3
1714 2343 1759 2377 et
1786 2337 1973 2377 omnium

1089 2411 1299 2439 consensu
1334 2411 1474 2451 capax
1507 2399 1695 2453 imperii,
1725 2400 1806 2440 nisi
1835 2400 1970 2455 impe-

1089 2461 1259 2502 rasset.'

509 2643 718 2698 GENS
756 2645 1057 2699 TULLIA
1094 2648 1594 2705 CICERONUM.

202 2780 236 2808 1.
262 2768 328 2813 Μ.
346 2768 518 2810 'sumo
535 2769 781 2819 Crcnnoru,
801 2771 871 2823 qni
891 2770 1018 2824 Arpi-

147 2831 191 2871 ni
211 2832 403 2884 equestri
421 2833 515 2872 loco
534 2838 659 2872 natus
680 2842 788 2885 erat,
818 2835 888 2874 hic
907 2838 1019 2876 enim

147 2893 204 2933 de
238 2894 381 2934 Tullia
417 2899 559 2947 gente,
590 2907 684 2948 quae
714 2898 895 2948 patricia
922 2899 1020 2952 fnit,

146 2960 240 2997 'non
267 2956 445 3009 agimus,
470 2959 612 2998 Maria
638 2959 837 3000 Gratidia
856 2967 942 3001 tres
971 2965 1018 3003 li-

149 3017 274 3059 beros
301 3020 487 3071 peperit,
517 3031 570 3060 ιι.
618 3021 809 3062 Marcum
832 3031 874 3063 et
896 3026 1020 3066 Luci-

149 3090 220 3121 um
239 3081 469 3122 Cicerones
497 3089 542 3123 et
564 3084 749 3124 Tulliam
770 3086 818 3126 C.
838 3086 1020 3129 Aculeo-

148 3144 214 3184 nis
233 3155 422 3185 uxorem.
442 3156 474 3184 ι.
502 3145 657 3185 Lucius
678 3159 749 3187 ιιι.
781 3148 913 3190 fllium
945 3151 1019 3192 ha-

145 3205 242 3248 buit
276 3207 355 3247 sibi
398 3209 706 3260 cognominem.
746 3222 797 3252 11.
843 3213 1019 3255 Marcus

147 3268 352 3320 duos,m.
380 3270 576 3310 Marcum
593 3277 638 3311 et
655 3273 888 3324 Quintum
918 3289 1020 3329 quo-

150 3344 241 3373 rum
276 3333 348 3373 ille
384 3333 616 3374 oratorum
653 3334 778 3376 facile
814 3339 1017 3392 princeps

148 3393 333 3447 iugenio,
363 3394 617 3446 eruditione,
649 3398 897 3451 eloquentia
932 3414 1017 3443 non

146 3456 299 3496 Tulliae
327 3458 451 3498 modo
479 3460 635 3510 gentis,
666 3461 740 3501 sed
768 3462 899 3502 totius
919 3465 1017 3505 Rei-

149 3518 332 3572 publicae
348 3519 476 3562 decus
492 3523 662 3564 extitit:
693 3525 851 3578 primus
869 3539 923 3567 ex
938 3541 1015 3570 sua

1087 2773 1251 2816 familia
1285 2777 1464 2817 Curules
1494 2777 1694 2825 honores,
1722 2781 1769 2816 et
1808 2775 1970 2817 Consu-

1087 2838 1222 2878 latum
1251 2851 1361 2878 anno
1379 2843 1473 2880 690.
1492 2839 1677 2892 adeptus
1699 2845 1788 2890 est3
1822 2839 1863 2879 in
1883 2853 1968 2893 quo

1088 2902 1289 2942 Catilinae
1310 2903 1653 2955 conjurationem
1671 2903 1909 2954 oppressit:
1944 2915 1969 2942 a

1087 2965 1239 3005 Clodio
1258 2966 1474 3018 aliquanto
1495 2974 1594 3019 post
1616 2967 1764 3017 pulsus
1784 2967 1826 3005 in
1846 2966 1966 3006 exili-

1085 3041 1156 3068 um
1175 3029 1359 3069 Senatus
1389 3030 1566 3070 decreto
1597 3042 1760 3083 summo
1781 3040 1874 3068 cum
1896 3030 1968 3070 ho·

1086 3103 1190 3131 nore
1227 3099 1455 3132 revocatus
1483 3097 1563 3132 est.
1618 3092 1671 3131 In
1700 3092 1967 3132 dissensione

1087 3154 1202 3194 civili
1234 3155 1434 3208 Pompeii
1460 3161 1606 3207 partes
1625 3160 1826 3203 secutus3
1855 3167 1880 3194 a
1915 3156 1967 3196 C.

1087 3217 1276 3270 Caesare,
1310 3224 1355 3258 et
1373 3219 1467 3269 sibi,
1499 3224 1545 3258 et
1565 3218 1659 3257 aliis
1679 3217 1862 3257 salutem
1891 3219 1969 3260 im·

1087 3280 1292 3331 petravit.
1347 3280 1545 3331 Denique
1555 3279 1676 3330 jussu
1690 3278 1753 3318 M.
1772 3278 1968 3333 Antonii,

1086 3340 1131 3381 in
1168 3354 1295 3394 quem
1326 3343 1488 3381 acriter
1524 3340 1668 3380 fuerat
1704 3341 1965 3395 Philippicis

1082 3402 1298 3453 invectus,
1319 3415 1428 3442 anno
1444 3402 1586 3441 aetatis
1598 3405 1666 3443 63.
1680 3403 1846 3444 occisus
1867 3411 1960 3446 est:

1084 3466 1152 3505 Ex
1169 3466 1384 3515 Terentia,
1403 3477 1529 3516 quam
1549 3476 1678 3505 senex
1699 3468 1960 3520 repudiavit,

1084 3541 1145 3570 ιν.
1189 3528 1388 3569 Marcum
1418 3528 1626 3582 suscepit,
1649 3535 1695 3570 et
1721 3531 1961 3586 Tulliolam,
