2346 3952
769 736 1134 799 INCERTI
1203 732 1646 797 AUCTORIS

521 1138 523 1140 ’
617 1184 1178 1256 VALERII
1260 1179 1801 1254 MAXIMI.

304 1647 659 1719 VAnEmus
687 1665 1003 1718 MAXIMUS
1038 1663 1178 1716 civis
1205 1661 1512 1726 RomanuS‚
1539 1662 1778 1730 patricio
1804 1678 2002 1729 genere
2027 1679 2121 1715 na-

305 1756 414 1814 tus,
473 1767 686 1802 omnem
723 1750 1016 1818 pueritiam
1072 1754 1127 1802 et
1169 1763 1419 1814 magnam
1468 1747 1857 1799 adolescentiae
1906 1752 2120 1814 partem

303 1834 478 1886 literis
503 1835 893 1903 percipiendiS,
933 1838 989 1884 et
1013 1832 1257 1884 honestis
1284 1832 1494 1882 artibus
1520 1830 1686 1883 dedit.
1761 1831 1919 1894 Inde,
1940 1836 2122 1883 sumta

304 1919 451 1971 virili
472 1926 622 1986 toga,
645 1936 704 1971 se
727 1919 952 1970 contulit
988 1917 1058 1970 ad
1084 1918 1165 1968 rei
1190 1916 1450 1968 militaris
1478 1915 1861 1983 disciplinam:
1899 1916 1997 1967 ubi
2023 1915 2123 1967 ali·

306 2004 550 2070 quandiu
577 2003 855 2071 stipendia
876 2002 1098 2065 fecisse,
1122 2004 1176 2053 et
1200 2002 1256 2052 in
1276 1999 1472 2052 Asiam
1501 2017 1627 2052 cum
1652 2000 1824 2052 Sexto
1851 2000 2122 2069 Pompeio

305 2089 592 2154 navigasse
635 2088 846 2139 dicitur.
921 2086 1081 2138 Unde
1114 2101 1389 2147 reversus,
1431 2102 1555 2137 cum
1583 2084 1797 2136 videret
1839 2101 1900 2137 se
1925 2086 2122 2153 patriae

306 2188 422 2224 suae
448 2177 562 2224 tam
583 2173 721 2223 bene
747 2171 1004 2233 dicendo,
1028 2186 1193 2237 quam
1222 2170 1360 2220 bene
1376 2168 1630 2220 faciendo
1648 2185 1820 2236 posse
1841 2169 2122 2237 prodesse,

307 2271 340 2306 a
365 2273 477 2323 quo
515 2256 742 2324 incepto
783 2255 965 2307 studio
1004 2255 1223 2305 militiae
1260 2253 1438 2319 gloria
1464 2253 1785 2316 detinuerat,
1811 2253 2005 2305 eodem
2042 2270 2126 2306 rc-

306 2355 547 2405 greSSUS‚
593 2341 788 2392 statuit
805 2338 954 2390 urbis
980 2338 1177 2390 Romae
1197 2338 1636 2404 Exterarumque
1655 2335 1921 2389 Gentium
1950 2337 2125 2391 Facta

309 2424 470 2476 simul
495 2440 560 2476 ac
589 2425 757 2476 Dicta
777 2428 1086 2475 memoratu
1113 2423 1294 2490 digna,
1334 2429 1396 2473 ut
1431 2423 1555 2489 ipse
1581 2421 1802 2482 fatetur,
1843 2422 2123 2475 literarum

307 2511 675 2562 monumentis
709 2507 1120 2561 commendare:
1160 2508 1310 2576 quod
1348 2508 1577 2560 feliciter
1617 2512 1675 2558 et
1714 2507 1955 2574 gloriose
1994 2523 2126 2559 con-

310 2598 531 2645 secutus
555 2598 657 2644 est.
732 2592 948 2643 Floruit
985 2596 1167 2642 autem
1189 2591 1399 2643 Tiberii
1418 2590 1659 2643 Caesaris
1687 2588 2050 2659 temporibUS,
2072 2596 2129 2643 et

311 2679 414 2730 sub
439 2677 560 2745 ejus
587 2676 816 2744 imperio
838 2675 978 2727 hanc
1013 2675 1240 2742 scripsit
1266 2675 1595 2738 Historiam,
1637 2674 1796 2743 cujus
1837 2677 2002 2727 etiam
2024 2692 2126 2727 nu-

309 2778 437 2813 men
461 2762 704 2814 invocat.
781 2760 1151 2828 Imperatores
1176 2760 1320 2811 enim
1349 2758 1610 2822 Romani,
1649 2775 1776 2818 cum
1803 2759 2004 2822 virtute
2027 2775 2130 2811 sua

303 2845 456 2913 juste
483 2849 777 2912 sancteque
804 2845 1108 2910 gessissent
1148 2844 1462 2911 imperium,
1505 2842 1689 2894 divino
1716 2843 2130 2895 celebrabantur

310 2930 531 2993 honore,
580 2935 636 2981 et
684 2931 739 2980 in
788 2929 1032 2980 Deorum
1080 2943 1368 2979 numerum
1418 2926 1887 2978 transferebantur
1910 2943 1922 2978 ε
1983 2926 2130 2978 unde

313 3014 487 3066 etiam·
521 3014 703 3065 Divos
731 3013 1100 3079 Imperatores
1143 3012 1508 3079 appellamus,
1583 3010 1777 3063 Genus
1802 3027 1930 3063 vero
1970 3027 2131 3063 suum

313 3104 603 3165 paternum
629 3113 663 3148 a
694 3101 856 3162 gente
883 3095 1131 3158 Valeria,
1168 3100 1468 3146 maternum
1493 3111 1527 3146 a
1556 3094 1738 3147 Fabia
1764 3095 2000 3147 duxisse
2025 3095 2134 3147 fer-

314 3189 426 3234 tur:
464 3181 613 3233 unde
636 3179 895 3231 Valerius
922 3179 1212 3230 Maximus
1252 3194 1323 3229 ex
1348 3185 1580 3245 utraque
1605 3179 1814 3231 familia
1850 3179 1902 3231 ei
1941 3195 2133 3231 nomen

317 3272 419 3319 est.
493 3267 580 3318 De
608 3265 771 3333 cujus
797 3267 966 3316 morte
994 3269 1140 3314 certe
1164 3262 1298 3313 nihil
1324 3267 1508 3330 potest
1533 3263 1730 3314 afferri.
