2242 3958
346 302 420 355 64

346 435 496 485 divite,
528 434 702 476 tertium
742 435 876 476 solus:
926 436 1000 475 sed
1031 440 1130 487 post
1158 439 1223 475 tot

346 505 512 550 tropaea
538 498 602 537 vir
626 499 908 538 Romanorum
928 499 1057 550 longe
1077 499 1221 538 claris-

347 562 496 611 simus,
514 573 608 601 cum
636 573 716 600 nec
749 562 843 611 ipse
874 569 1038 612 parem,
1056 573 1133 600 nec
1154 573 1221 600 su-

345 624 561 675 periorem
599 624 746 663 Caesar
779 623 894 662 ferre
930 629 1089 674 posset,
1127 629 1223 664 orto

345 686 460 727 bello
479 686 593 727 civili
625 685 679 726 ad
699 686 946 726 Pharsalum
969 686 1223 739 victus,jus-

347 762 396 789 su
417 749 645 790 Ptolemaei
666 749 814 801 Regis,
844 750 897 789 ad
926 763 1051 802 quem
1073 750 1223 791 confu-

346 819 485 865 gerat,
501 812 771 853 interficitur.
830 814 895 852 Ex
917 814 1100 866 quinque
1120 827 1223 866 quas

347 876 528 915 duxerat
563 875 767 915 uxoribus
807 875 1011 927 Antistia,
1056 878 1226 917 AEmilia

318 930 323 934 ¹
345 939 543 990 privigna
556 938 702 991 Syllae,
718 939 876 986 Mutia,
893 939 1010 979 Julia
1024 940 1226 991 Caesaris,

347 1007 393 1041 et
417 1002 612 1042 Cornelia
632 1001 841 1053 Scipionis
860 1001 963 1053 filia,
984 1015 1067 1042 una
1086 1003 1227 1042 Mutia

344 1065 501 1105 liberos
516 1065 703 1118 peperit,
719 1065 824 1105 duos
843 1078 992 1115 mares,
1011 1077 1073 1106 ιν.
1102 1067 1226 1107 Cnei-

346 1141 415 1168 um
445 1135 489 1168 et
507 1129 701 1175 Sextum,
721 1128 935 1168 foemiuam
962 1129 1228 1181 Pompeiam,

346 1204 442 1243 quae
475 1191 656 1242 primum
692 1192 852 1230 Fausto
891 1191 1038 1242 Syllae,
1073 1191 1228 1230 deiude

347 1257 401 1298 Q.
415 1256 597 1296 Servilio
618 1256 811 1308 Caepioni
827 1258 987 1307 nupsit.
1016 1269 1082 1296 lv.
1102 1256 1228 1296 Cnei-

345 1334 394 1361 us
414 1325 459 1361 et
477 1322 632 1360 Sextus
653 1326 699 1359 ut
715 1320 892 1370 virtute,
909 1320 968 1359 ita
988 1320 1114 1359 rebus
1135 1332 1227 1371 ges-

349 1385 403 1424 tis
423 1383 535 1436 patri
556 1384 685 1435 longe
717 1383 920 1434 impares,
943 1383 996 1422 ad
1018 1382 1225 1423 Mundam

346 1446 573 1497 Hispaniae
612 1445 817 1497 oppidum
851 1458 875 1485 a
912 1446 1082 1486 Caesare
1119 1446 1226 1487 victi

350 1516 523 1560 sunt‚·et
546 1510 704 1550 Cneius
723 1510 766 1549 in
796 1509 900 1562 fuga
919 1523 1080 1561 caesus;
1121 1511 1226 1551 Sex-

349 1580 418 1614 tus
433 1586 533 1614 vero
549 1572 675 1612 fratri
695 1577 912 1624 superstes
932 1578 1142 1625 occupata
1163 1573 1226 1614 Si-

348 1637 448 1677 cilia
482 1637 656 1677 Octavii
688 1636 871 1676 Caesaris
905 1636 1039 1676 duces
1069 1636 1229 1676 navali-

348 1702 427 1741 bus
464 1701 621 1753 praeliis
643 1713 758 1751 saepe
790 1700 910 1748 vicit,
940 1699 1016 1739 sed
1057 1699 1230 1739 tandem

349 1763 547 1803 desertus
570 1775 595 1802 a
611 1762 695 1802 suis
719 1775 743 1801 a
761 1762 874 1800 Titio
904 1761 946 1800 in
978 1760 1084 1800 Asia
1101 1774 1228 1802 neca-

349 1833 417 1867 tus
438 1834 520 1876 est,
553 1839 649 1866 cum
684 1838 737 1865 ex
769 1825 994 1886 Scribonia
1024 1837 1068 1866 v.
1107 1826 1230 1865 Pom-

348 1890 493 1943 peiam
513 1891 576 1930 M.
593 1889 802 1930 Marcello
819 1888 1124 1940 desponsatam
1144 1901 1232 1928 sus-

348 1954 551 2005 cepisset.

406 2018 617 2058 Naturam
640 2015 839 2067 Pomp'eii
866 2015 1017 2067 Magni
1044 2015 1235 2056 Velleius

341 2074 427 2121 lib.
455 2091 507 2119 11.
543 2086 588 2120 et
615 2079 874 2119 Plutarchus
914 2083 1236 2130 expresserunt.

349 2142 473 2183 Sexti
511 2153 615 2182 vero
660 2141 857 2191 Pompeii
901 2141 1105 2181 Velleius,
1165 2141 1236 2180 De

350 2206 560 2259 Pompeio
581 2205 745 2256 Magno
766 2204 827 2243 ita
845 2204 1060 2244 Velleius:
1105 2204 1119 2226 ‘
1135 2204 1237 2244 Fuit

348 2269 419 2309 hic
466 2269 637 2320 genitus
686 2274 826 2306 matre
881 2267 1046 2306 Lucilia
1092 2267 1236 2319 stirpis

349 2332 605 2382 Senatoriae,
625 2329 762 2370 forma
795 2330 1030 2378 excellens,
1064 2342 1147 2369 non
1168 2341 1236 2380 ea,

352 2407 436 2447 qua
476 2392 553 2433 flos
588 2391 912 2433 commendatur
949 2393 1120 2442 aetatis3
1157 2393 1234 2433 sed

352 2471 408 2499 ex
449 2457 658 2507 dignitate
698 2456 928 2507 constanti,
967 2468 1062 2508 quae
1100 2456 1142 2495 in
1185 2456 1234 2495 il-

351 2526 436 2564 lam
454 2523 711 2563 conveniens
744 2521 1084 2572 amplitudinem,
1102 2519 1236 2560 fortu-

352 2600 450 2628 nam
489 2599 656 2640 quoque
691 2586 788 2637 ejus
822 2585 872 2625 ad
909 2585 1104 2624 ultimum
1136 2585 1235 2626 vitae

354 2652 558 2693 comitata
591 2656 660 2690 est
694 2650 826 2689 diem:
873 2649 1120 2689 innocentia
1148 2648 1238 2688 exi-

351 2717 479 2768 mius,
500 2715 734 2756 sanctitate
757 2714 1016 2766 praecipium,
1034 2714 1237 2765 eloquen-

354 2780 416 2821 tia
451 2779 634 2827 medius,
670 2778 894 2829 potentiae,
933 2788 1028 2829 quae
1066 2776 1236 2816 honoris

355 2855 482 2885 causa
502 2842 555 2882 ad
583 2854 680 2881 eum
715 2840 972 2890 deferretur,
998 2852 1083 2879 non
1115 2847 1163 2880 ut
1183 2840 1237 2879 ab

355 2920 408 2948 eo
441 2910 744 2958 occuparetur,
781 2903 1106 2956 cupidissimus3
1149 2903 1238 2942 dux

355 2972 468 3012 bello
489 2969 794 3023 peritissimus3
825 2968 929 3007 civis
950 2967 991 3006 in
1023 2971 1136 3018 toga,
1156 2965 1237 3006 nisi

356 3035 430 3076 ubi
449 3040 690 3084 vereretur,
722 3043 775 3071 ne
795 3043 922 3083 quem
953 3030 1134 3070 haberet
1162 3041 1236 3082 pa-

356 3112 461 3152 rem,
479 3096 814 3139 modestissimus
833 3107 843 3134 :
877 3093 1158 3134 amicitiarum
1176 3098 1236 3132 te-

355 3177 458 3215 nax,
478 3163 522 3202 in
541 3160 713 3201 offensis
748 3157 996 3208 exorabilis,
1023 3157 1066 3196 in
1088 3168 1237 3196 recon-

357 3226 546 3267 cilianda
577 3224 715 3277 gratia
735 3221 1021 3272 fidelissimus,
1055 3221 1099 3260 in
1126 3220 1237 3259 acci·

358 3291 516 3343 pienda
551 3285 844 3330 satisfactione
875 3283 1122 3323 facillimus:
1163 3294 1239 3334 po-

359 3355 496 3396 tentia
510 3367 599 3407 sua,
613 3362 845 3405 nunquam,
862 3353 934 3389 aut
953 3360 1067 3399 raro,
1089 3347 1141 3387 ad
1162 3347 1237 3387 im-

999 319 1079 356 DE
1124 314 1530 356 ROMANORUM

1290 436 1527 486 potentiam
1542 447 1640 476 usus
1657 448 1668 486 ;
1698 447 1822 488 paene
1841 434 2026 477 omnium
2044 435 2167 477 vitio-

1291 510 1381 537 rum
1412 510 1590 550 expers3
1624 498 1702 537 nisi
1724 503 2020 539 numeraretur
2054 500 2168 540 inter

1289 562 1489 614 maxima,
1509 563 1551 602 in
1566 562 1744 602 civitate
1762 562 1898 603 libera
1913 563 2167 615 dominaque

1291 627 1482 677 gentium
1501 626 1727 678 indignari,
1759 639 1856 666 curn
1883 639 2031 668 omnes
2052 628 2167 668 cives

1290 688 1468 729 haberet
1503 700 1645 741 pareS,
1683 700 1927 742 quenquam
1964 689 2167 742 aequalem

1293 751 1505 802 dignitate
1543 751 1812 803 conspicere.
1883 745 1995 792 Nam
2031 763 2171 804 neque

1293 815 1524 868 Pompeius
1545 822 1591 855 ut
1630 815 1812 867 primum
1835 815 1887 855 ad
1922 816 2170 868 Rempubli-

1293 891 1386 919 cam
1403 890 1625 930 aggressus
1649 884 1733 929 est,
1767 889 2007 931 quenquam
2026 878 2167 918 animo

1293 953 1439 993 parem
1459 941 1583 981 tulit:
1603 945 1660 997 'et
1685 941 1727 981 in
1749 942 1902 994 quibus
1929 942 2053 982 rebus
2085 942 2171 993 pri-

1293 1016 1386 1043 mus
1397 1016 1489 1044 esse
1502 1003 1706 1054 debebat,
1717 1005 1827 1044 solus
1841 1016 1932 1044 esse
1947 1004 2172 1057 cupiebat:

1295 1079 1432 1120 neque
1468 1078 1520 1107 eo
1558 1067 1651 1107 viro
1690 1068 1930 1121 quisquam,
1974 1074 2050 1109 aut
2089 1068 2172 1108 alia

1295 1131 1436 1171 omnia
1454 1131 1698 1182 minus‚aut
1720 1132 1900 1183 gloriam
1920 1131 2054 1183 magis
2074 1142 2174 1171 con·

1295 1194 1487 1246 cupivit3
1509 1194 1551 1234 in
1571 1194 1826 1247 appetendis
1844 1194 2078 1234 honoribus
2098 1194 2174 1233 im-

1294 1257 1503 1304 modicus,
1546 1257 1589 1296 in
1625 1257 1824 1310 gerendis
1862 1257 2174 1298 verecundissi-

1292 1334 1417 1362 mus:
1446 1327 1494 1362 ut
1524 1322 1596 1374 qui
1624 1333 1698 1361 eos
1726 1321 2005 1362 libentissime
2031 1320 2177 1370 iniret,

1293 1385 1438 1426 finiret
1481 1398 1605 1439 aequo
1645 1385 1815 1435 animo;
1840 1387 1908 1425 'et
1946 1383 2059 1437 quod
2102 1395 2174 1423 cu-

1294 1449 1431 1500 pisset
1447 1447 1627 1488 arbitrio
1648 1460 1724 1488 suo
1744 1459 1928 1500 sumere,
1943 1447 2082 1487 alieno
2102 1445 2177 1486 de·

1294 1511 1502 1563 poneret)

1348 1574 1460 1614 Haec
1494 1575 1754 1616 Plutarchus
1791 1573 1916 1614 initio
1948 1572 2174 1625 Pompeii:

1298 1637 1556 1690 ‘Pompeio,
1599 1651 1677 1678 cur
1722 1638 1988 1689 diligeretur,
2029 1636 2176 1675 multae

1299 1713 1440 1740 causae
1457 1699 1651 1751 fuerunt;
1670 1701 1770 1740 vitae
1789 1699 2094 1751 temperantia,
2111 1698 2176 1740 rei

1297 1764 1494 1804 militaris
1515 1765 1706 1815 scientia,
1734 1762 1939 1804 facundia
1971 1762 2013 1811 in
2034 1762 2177 1802 dicen-

1299 1828 1369 1877 do,
1397 1828 1502 1868 fides
1531 1841 1709 1878 morum,
1742 1827 1921 1867 comitas
1951 1826 1994 1865 in
2025 1838 2178 1866 conve-

1301 1892 1488 1932 niendo:
1539 1892 1612 1944 qui
1645 1891 1814 1931 nemine
1848 1890 1986 1929 minus
2022 1889 2181 1941 impor-

1303 1961 1406 1994 tune
1427 1955 1627 2006 rogabat,
1646 1954 1713 1994 vel
1731 1953 1904 1993 hilarius
1918 1948 2181 2003 largiebatur

1302 2018 1498 2070 roganti:
1543 2018 1801 2059 ostendebat
1830 2016 2004 2056 enimin
2030 2016 2180 2055 dandis

1304 2080 1523 2122 beneficiis
1542 2082 1838 2129 serenitatem,
1855 2086 1900 2120 et
1919 2080 2178 2132 gravitatem

1303 2145 1345 2184 in
1365 2144 1631 2196 accipiendis
1649 2158 1659 2183 :
1690 2144 1807 2184 vultu
1829 2143 1951 2183 initio
1972 2142 2181 2194 praeditus

1303 2207 1386 2248 fuit
1422 2219 1507 2247 non
1544 2206 1821 2247 mediocriter
1855 2205 2068 2257 gratim-303
2110 2205 2182 2258 qui

1305 2270 1602 2321 praeveniebat
1646 2269 1738 2321 ejus
1775 2267 2036 2307 orationem:
2084 2279 2180 2306 nam

1304 2345 1483 2372 veneres
1512 2333 1607 2384 ejus
1641 2337 1762 2371 erant
1791 2342 1886 2370 cum
1917 2330 2181 2370 humanitate

1305 2396 1558 2448 conjunctae,
1583 2401 1711 2448 atque
1741 2395 1783 2434 in
1818 2395 1964 2446 vigore
1990 2393 2184 2446 floreque

1294 2460 1536 2513 juventutis
1571 2459 1718 2499 senilis
1757 2457 1959 2498 elucebat
1991 2462 2038 2498 et
2064 2458 2183 2508 regia

1302 2523 1519 2575 majestas.
1562 2523 1659 2564 Jam
1686 2521 1854 2562 modice
1885 2525 2082 2561 surrecta
2113 2533 2183 2560 co-

1303 2598 1388 2636 ma,
1432 2585 1734 2638 oculorumque
1781 2583 1889 2624 lenis
1947 2584 2184 2625 modulatio

1306 2648 1518 2689 reddebat
1544 2647 1672 2687 facie-i
1697 2647 1787 2700 ejus
1821 2652 2067 2699 usurpatam
2097 2659 2184 2686 ma·

1305 2713 1370 2765 gis
1412 2711 1696 2761 sermonibus,
1733 2723 1860 2763 quam
1905 2715 2185 2763 repraesenta-

1305 2781 1390 2815 tam
1414 2787 1510 2814 cum
1533 2773 1769 2814 Alexandri
1806 2774 1935 2826 Regis
1962 2774 2112 2815 statuis
2131 2773 2185 2812 si·

1304 2836 1621 2879 militudinem?

1361 2902 1429 2940 De
1448 2901 1548 2941 Sex.
1570 2899 1780 2952 Pompeio
1795 2899 1890 2951 ejus
1909 2898 1996 2939 filio
2008 2899 2069 2939 sic
2085 2899 2186 2938 Vel·

1305 2964 1439 3004 leius:
1481 2963 1598 3003 ‘Hic
1626 2962 1876 3002 adolescens
1909 2967 2003 3002 erat
2032 2961 2182 3002 studiis

1305 3027 1438 3078 rudis,
1491 3038 1685 3066 sermone
1736 3025 1960 3076 barbarus,
2021 3025 2185 3076 impetu

1304 3095 1518 3140 strenuus,
1534 3101 1660 3128 manu
1681 3094 1893 3140 promtus,
1924 3088 2184 3140 cogitatione

1305 3154 1437 3204 celer,
1464 3152 1549 3192 fide
1569 3152 1682 3204 patri
1702 3151 2023 3201 dissimillimus,
2053 3151 2181 3190 liber·

1305 3223 1443 3258 torum
1465 3227 1637 3255 suorum
1657 3214 1850 3267 libertus,
1879 3216 2185 3266 servorumque

1306 3292 1467 3331 servus,
1486 3278 1691 3330 speciosis
1708 3278 1920 3329 invidens,
1940 3283 1988 3318 ut
2010 3283 2183 3330 pareret

1308 3345 1407 3383 hum
1419 3339 1590 3382 mimis)
