2346 3952
666 311 699 348 G
715 306 977 347 EN'rlBUs
1025 306 1097 345 ΕΤ
1141 303 1443 344 FAMILHS.

130 433 299 480 patratu
320 428 506 477 sustulit,
536 441 631 481 quae
653 428 705 468 ab
729 428 913 468 Octavio
932 427 1008 468 Ju-

132 493 200 532 bae
237 491 402 544 juniori
445 492 719 532 Mauritaniae
763 490 869 540 Regi
905 501 1011 530 uxor

129 555 233 596 data
269 560 352 596 est.
425 555 542 597 Quid
577 554 631 594 de
675 553 923 594 Alexandro
967 559 1009 592 et

128 617 371 659 Ptolemaeo
405 625 503 670 post
541 617 717 659 Octavii
750 617 1010 668 triumphum

126 681 291 722 factum
312 682 382 732 sit,
403 682 628 722 obscurum
648 686 730 719 est.

185 755 252 784 tv.
276 745 339 785 M.
368 745 507 786 Julius
529 743 758 794 Antonius,
776 742 1009 783 Triumviri

127 811 174 848 et
196 807 360 847 Fulviae
379 807 505 854 filius,
524 807 578 846 ab
597 805 796 858 Augusto
816 818 898 845 non
924 807 1010 846 vita

128 872 283 921 solum,
318 875 364 911 et
397 870 613 922 libertate,
646 869 722 910 sed
765 869 1008 910 sacerdotio

127 936 275 986 etiam,
301 936 522 985 Praetura‚
551 941 596 975 et
627 935 864 976 Consulatu
898 945 1009 974 anno

126 1002 224 1040 ⁷48.
269 998 476 1049 donatus3
522 998 696 1039 admissi
740 1011 836 1039 cum
890 997 1010 1039 Julia

127 1060 328 1101 adulterii
340 1073 487 1112 poenas
502 1060 744 1101 voluntaria
759 1066 896 1101 morte
907 1062 1009 1111 luit;

126 1135 224 1164 cum
237 1124 331 1176 jam
349 1136 404 1164 ex
429 1124 638 1166 Marcella
665 1123 848 1176 Augusti
876 1130 1009 1177 nepte

126 1188 386 1242 suscepisset
404 1189 454 1230 L.
480 1189 644 1231 Julium
664 1188 915 1240 Antonium,
935 1189 1010 1242 qui

126 1242 258 1304 paulo
302 1256 404 1305 post
448 1252 503 1294 ab
537 1252 732 1304 Augusto
770 1253 1008 1293 studiorum

126 1326 268 1362 causa,
296 1320 346 1356 ut
373 1320 464 1356 tum
490 1315 728 1368 ferebatur,
757 1316 834 1356 sed
867 1317 1009 1368 reipsa

126 1377 170 1418 in
189 1380 362 1420 exilium
390 1380 541 1420 missus
571 1385 638 1421 est
662 1379 917 1431 Massiliam,
935 1380 1007 1421 ubi

125 1444 207 1484 sub
220 1442 394 1484 Tiberio
411 1456 522 1485 anno
537 1449 632 1486 776.
651 1445 831 1496 interiit,
848 1450 891 1485 et
910 1456 1008 1485 cum

126 1518 178 1548 eo
198 1512 292 1548 tota
309 1506 597 1548 Antoniorum
615 1508 792 1550 familia.

177 1571 240 1612 M.
257 1571 443 1612 Antonii
458 1571 656 1612 Oratoris
671 1572 905 1625 ingenium,
921 1573 1007 1612 elo-

122 1635 356 1689 quentiam,
384 1635 558 1676 dicendi
587 1648 720 1688 genus
750 1637 814 1675 M.
847 1636 1007 1675 Tullius

123 1698 168 1738 111
186 1699 349 1750 Bruto;
378 1699 442 1740 M.
462 1711 565 1739 vero
582 1699 757 1740 Antonii
776 1700 1003 1742 Triumviri

121 1762 302 1803 formam
322 1769 368 1804 et
385 1775 526 1803 mores
552 1764 807 1804 Plutarchus
828 1776 1003 1816 expres-

124 1827 197 1866 sit.
254 1827 412 1866 Eorum
438 1826 571 1875 verba
598 1827 668 1867 hic
698 1826 1004 1879 appingere‘li-

123 1889 235 1942 buit,
254 1890 437 1942 primum
457 1891 693 1941 Ciceronis,
722 1896 810 1931 tum
833 1892 1004 1932 Plutar-

122 1953 208 1993 chi.
249 1953 321 1994 Ita
341 1954 496 1994 Cicero
512 1953 565 1993 de
582 1952 771 1994 Antonio
788 1955 1001 1995 Oratore:

123 2018 136 2041 ‘
159 2019 267 2059 Erat
297 2019 504 2059 memoria
544 2030 724 2070 summa,
762 2021 882 2060 nulla
918 2033 1003 2061 me·

121 2081 342 2122 (litationis
373 2082 590 2133 suspicio;
624 2082 862 2134 imparatus
894 2096 1003 2123 sem·

124 2157 201 2197 per
219 2145 396 2196 aggredi
418 2145 483 2184 ad⁴
501 2145 731 2185 dicendum
759 2146 1001 2188 videbatur.

123 2209 174 2249 In
193 2208 336 2248 verbis
361 2213 408 2248 et
435 2208 640 2258 eligendis
667 2213 713 2248 et
739 2210 1002 2249 collocandis

120 2273 225 2312 nihil
244 2284 327 2312 non
347 2271 402 2311 ad
423 2272 645 2322 rationem,
664 2275 709 2312 et
729 2278 929 2324 tanquam
947 2273 1001 2313 ad

119 2342 256 2377 artem
268 2334 497 2387 dirigebat.
526 2334 612 2374 Sed
631 2346 727 2374 cum
741 2335 833 2374 liaec
849 2347 1002 2386 magna

118 2401 161 2439 in
199 2397 410 2451 Antonio,
454 2403 543 2438 tum
589 2398 700 2439 actio
745 2399 997 2452 singularis:

1889 293 1966 346 35

1079 431 1228 477 gestus
1279 430 1374 464 erat
1414 436 1496 463 non
1537 423 1666 464 verba
1705 423 1966 475 exprimens,

1079 488 1154 527 sed
1191 500 1287 527 cum
1320 488 1546 526 sententiis
1578 499 1846 537 congruens:
1878 501 1966 528 ma-

1079 565 1174 602 nus,
1191 553 1373 601 humeri,
1405 552 1560 599 latera,
1583 550 1802 601 supplosio
1823 552 1966 602 pedis,

1079 619 1234 666 status,
1251 616 1459 665 incessus,
1475 615 1693 666 omnisque
1710 620 1852 654 motus
1867 628 1964 654 cum

1080 680 1220 719 verbis
1240 679 1547 731 sententiisque
1563 679 1860 718 consentiens:
1882 690 1965 718 vox

1080 755 1352 794 permanens,
1374 750 1520 783 verum
1551 743 1763 783 subrauca
1785 748 1961 783 natura:

1077 807 1153 846 sed
1187 807 1268 846 hoc
1303 807 1447 846 vitium
1485 806 1582 846 huic
1621 807 1694 846 uni
1728 807 1770 846 in
1806 806 1962 846 bonum

1077 870 1390 918 convertebat3
1438 869 1625 910 habebat
1667 870 1781 910 enim
1820 868 1963 910 flebile

1078 933 1282 985 quiddam
1303 934 1345 972 in
1374 935 1700 986 quaestionibus,
1728 927 1963 986 aptumque

1078 1009 1173 1036 cum
1194 999 1245 1036 ad
1266 996 1395 1036 fidem
1415 996 1672 1047 faciendam,
1696 1002 1784 1036 tum
1805 997 1859 1037 ad
1886 997 1962 1038 mi-

1077 1061 1352 1100 sericordiam
1373 1059 1757 1100 commovendam.'

1132 1126 1199 1165 De
1220 1124 1408 1165 Antonio
1424 1125 1664 1165 Triumviro
1680 1126 1775 1166 haec
1790 1125 1963 1166 Plutar-

1076 1187 1180 1228 chus
1212 1189 1254 1228 in
1288 1187 1506 1227 Antonio:
1549 1189 1560 1209 ‘
1584 1188 1740 1228 Forma
1768 1189 1808 1228 ei
1844 1188 1965 1241 iuge-

1078 1263 1174 1303 nua,
1193 1252 1393 1303 dignitas,
1407 1256 1452 1292 et
1466 1251 1598 1291 barba
1615 1253 1834 1303 promissa,
1846 1251 1963 1292 fron-

1077 1316 1218 1368 tisque
1248 1315 1502 1368 amplitudo,
1535 1321 1580 1356 et
1611 1328 1735 1355 nasus
1766 1316 1961 1357 aduncus

1074 1378 1229 1419 faciem
1252 1381 1414 1420 virilem
1438 1386 1753 1431 repraesentare
1769 1381 1897 1433 pictis
1917 1387 1963 1421 et

1077 1444 1257 1496 sculptis
1289 1444 1489 1483 Herculis
1524 1444 1760 1483 simulacris
1797 1457 1961 1496 germa-

1077 1519 1174 1546 nam
1197 1506 1437 1547 videbatur.
1484 1507 1720 1558 Jactantia,
1738 1507 1960 1558 dicacitas,

1077 1571 1341 1623 perpotatio,
1376 1571 1417 1610 in
1457 1571 1630 1623 publico
1663 1572 1813 1612 sedere
1850 1573 1961 1612 inter

1075 1633 1352 1682 vescendum,
1388 1638 1434 1673 et
1465 1634 1607 1674 cibum
1638 1647 1806 1675 sumere
1835 1638 1960 1676 assis-

1075 1702 1238 1737 tentem
1258 1709 1313 1736 ex
1332 1697 1509 1738 militari
1528 1710 1676 1738 mensa
1704 1699 1960 1741 incredibile

1074 1760 1190 1800 dictu
1211 1766 1414 1813 quantam
1433 1761 1778 1803 benevolentiam
1800 1763 1839 1804 ei
1859 1776 1960 1805 con-

1074 1826 1239 1866 ciliavit
1255 1826 1450 1866 militum.
1493 1826 1643 1867 Inerat
1660 1829 1848 1868 moribus
1867 1828 1958 1881 ejus

1073 1891 1355 1942 simplicitas:
1386 1889 1543 1931 effusus
1572 1899 1671 1931 erat
1697 1892 1750 1931 ad
1782 1894 1958 1944 praemia

1073 1965 1117 1994 et
1136 1955 1377 2007 supplicia3
1409 1954 1629 1995 beneficiis
1651 1961 1810 2007 tamen,
1829 1970 1957 2010 quam

1073 2019 1209 2070 poenis
1239 2019 1481 2059 excedebat
1509 2019 1706 2059 modum:
1739 2028 1959 2062 contume-

1071 2082 1127 2121 lia
1146 2082 1237 2134 ejus
1258 2083 1296 2120 111
1312 2082 1422 2133 jocis
1451 2087 1497 2121 et
1525 2081 1715 2122 dicteriis
1745 2082 1959 2126 afferebat

1071 2158 1217 2185 secum
1245 2146 1529 2195 medicinam
1561 2147 1597 2185 si
1630 2147 1802 2199 quidem
1833 2161 1957 2201 repo-

1070 2221 1175 2248 nere
1207 2209 1371 2248 licebat
1402 2209 1521 2249 dicta
1553 2214 1598 2249 et
1626 2211 1845 2252 convicia:
1876 2225 1957 2254 nec

1069 2272 1206 2311 minus
1225 2272 1372 2311 hilaris
1405 2277 1515 2322 erat,
1544 2285 1640 2313 cum
1667 2274 1958 2328 derideretur,

1067 2347 1191 2388 quam
1207 2347 1302 2376 cum
1321 2336 1540 2377 derideret
1556 2336 1716 2378 alium.'

665 2583 900 2647 GENS
969 2564 1396 2647 AURELIA.

169 2711 295 2754 GENS
324 2712 499 2755 Aurelia
535 2716 705 2768 plebeia
735 2718 923 2770 quidem,
951 2725 997 2759 at

115 2775 296 2827 nobilis;
347 2778 486 2819 tribus
535 2781 857 2833 cognominibus
909 2782 994 2821 dis-

113 2838 254 2880 tincta
287 2838 384 2894 fnit,
435 2842 678 2895 Cottarum,
724 2844 993 2897 Orestarum,

88 2905 160 2941 ,et
195 2902 461 2945 Scaurorum.
518 2906 554 2945 E
585 2906 758 2946 Scauris
791 2921 898 2948 unus
931 2909 994 2950 M.

112 2963 315 3006 Aurelius
342 2967 530 3008 Scaurus
563 2969 840 3010 Consulatum
864 2971 994 3024 adep-

112 3034 182 3070 tus
212 3036 293 3082 est,
320 3043 429 3071 anno
460 3035 556 3073 645.
586 3039 632 3073 et
662 3035 790 3085 paulo
821 3041 919 3085 post
948 3035 991 3075 in

112 3092 247 3134 Cassii
286 3093 496 3135 Consulis·
529 3097 722 3137 exercitu
758 3098 928 3150 legatus
968 3112 993 3139 a

1067 2719 1253 2759 Cimbris
1291 2732 1427 2759 caesus
1457 2723 1540 2759 est.
1597 2720 1663 2760 Ex
1693 2719 1949 2760 Orestarum

1064 2781 1225 2823 familia
1257 2789 1343 2823 tres
1372 2784 1415 2823 in
1446 2783 1587 2823 Fastis
1627 2784 1835 2824 Consules
1874 2797 1950 2823 nu-

1063 2851 1297 2896 merantur,
1319 2847 1472 2900 quibus
1490 2847 1684 2887 omnibus
1706 2848 1827 2887 Lucii
1843 2859 1952 2899 prae-

1063 2923 1217 2951 nomen
1238 2910 1335 2952 fuit.
1392 2913 1513 2952 Unus
1536 2924 1645 2951 anno
1672 2915 1766 2952 596.
1820 2911 1950 2952 Alter

1062 2975 1112 3024 is,
1147 2974 1219 3027 qui
1264 2987 1374 3014 anno
1421 2978 1514 3015 627.
1557 2975 1680 3015 ludos
1719 2977 1945 3016 saeculares

1062 3043 1260 3090 quartum
1299 3038 1551 3080 celebravit.
1625 3038 1792 3078 Tertius
1835 3047 1949 3077 anno

1060 3104 1154 3142 650.
1174 3101 1216 3140 in
1237 3102 1474 3142 Consulatu
1496 3106 1702 3142 mortuus.

681 3274 1024 3331 AURELII
1063 3277 1365 3333 COTTAE.

164 3406 419 3452 conanum
445 3412 611 3465 domus,
641 3427 737 3467 quae
759 3427 784 3454 a
802 3411 987 3466 Sabinis,

112 3475 161 3511 ut
204 3471 368 3513 Aurelii
399 3477 552 3527 ceteri,
583 3478 808 3530 originem,
839 3480 892 3519 ab
926 3481 989 3519 ira

111 3533 254 3576 Cottae
287 3548 440 3579 nomen
468 3537 648 3592 invenit,
680 3542 733 3582 ab
767 3555 877 3583 anno
897 3547 989 3583 500.

1057 3418 1110 3457 ad
1133 3419 1319 3459 Neronis
1347 3428 1480 3469 usque
1509 3421 1723 3468 tempora,
1749 3429 1845 3456 cum
1878 3418 1943 3457 in·

1058 3482 1171 3534 genii
1193 3482 1333 3530 laude,
1356 3488 1443 3519 tum
1461 3481 1634 3519 summis
1649 3478 1792 3520 floruit
1811 3481 1942 3521 hono-

1060 3544 1202 3583 ribus:
1237 3544 1334 3582 1111111
1374 3542 1543 3595 quidem
1578 3543 1612 3581 si
1642 3544 1861 3595 conjicere
1891 3544 1943 3583 lia
