2352 4022
674 302 805 355 cAr.
837 318 874 357 1.
920 316 997 355 mr
1042 315 1415 356 nnmcioNu.
1863 306 1970 358 129

126 437 340 490 stantia
375 436 693 490 obtinendae
728 437 1031 505 religionis,
1080 452 1310 505 magnus
1356 437 1684 490 coelestibus
1730 438 1966 506 injectus

129 527 216 576 est
238 522 404 574 rubor
425 521 657 574 ulterius
699 514 973 574 adversus
1016 538 1139 573 eam
1180 521 1450 576 saeviendi
1477 527 1710 590 gentem,
1748 538 1878 593 quae
1905 540 1973 575 ne

128 606 458 676 injuriarum
502 608 727 675 quidem
776 608 1080 659 acerbitate
1121 607 1190 659 ab
1238 623 1431 661 eorum
1478 607 1629 660 cultu
1673 608 1970 661 absterreri

132 693 415 761 potuerit!
427 691 475 725 ⁶²

898 815 1248 855 NEGLECTA.

204 917 297 971 16.
336 915 622 970 Creditum
646 915 794 978 est,⁶³
833 913 1172 968 Varronem¹
1210 919 1494 970 consulem
1522 919 1674 987 apud
1697 917 1920 989 Cannas
1941 925 1972 946 ¹¹¹

135 1020 262 1056 cum
300 1002 850 1071 Carthaginiensibus
893 1007 1008 1054 tam
1045 1001 1341 1055 infeliciter
1380 1003 1682 1056 dimicasse
1723 1005 1798 1055 ob
1836 1004 1977 1055 iram

132 1087 172 1139 J
176 1086 471 1141 unonisz⁶4
507 1088 653 1158 quod
682 1104 808 1140 cum
833 1086 1000 1140 ludos
1029 1086 1362 1140 Circensesn
1401 1088 1621 1141 aedilis0
1659 1089 1886 1151 faceret,
1917 1090 1974 1140 in

187 1241 200 1268 ⁸
229 1242 330 1288 Quoe
345 1243 502 1295 quidem
519 1245 740 1284 constantia
758 1244 802 1284 in
819 1243 1056 1284 observanda
1073 1243 1264 1292 religione
1280 1244 1426 1295 pudore
1445 1245 1611 1295 quodum
1627 1243 1764 1296 affecit
1786 1245 1908 1292 Deos,
1940 1249 1978 1282 et

127 1296 220 1336 illos
234 1298 355 1336 movit
371 1311 419 1338 ne
437 1299 618 1350 deinceps
629 1302 930 1339 adversarentur
944 1298 1008 1337 ilci
1027 1297 1193 1350 nationi,
1206 1311 1292 1349 quae
1305 1311 1380 1337 non
1399 1302 1581 1349 potuerat
1600 1299 1758 1338 avocari
1778 1299 1825 1338 ab
1845 1310 1978 1338 eorum

129 1351 235 1390 cultu
267 1353 538 1403 magnitudine
555 1353 680 1393 cladis
696 1357 878 1404 accepta.

911 1457 1159 1474 OOOON‘OOO
1163 1458 1182 1474 θ
1187 1458 1213 1472 O

136 1526 278 1579 Vulgo
294 1531 503 1579 potuerat:
531 1527 762 1568 lectionem
783 1531 974 1567 nostram
994 1538 1049 1566 ex
1069 1526 1328 1580 quibusdam
1349 1527 1476 1568 codd.
1507 1528 1699 1568 restituit
1718 1528 1982 1574 Torrenius,
1973 1539 1982 1548 ·

133 1593 275 1632 quam
281 1582 484 1621 exhibent
503 1582 633 1621 etiam
655 1582 753 1622 Vet.
774 1582 892 1632 Mog.
914 1582 1094 1621 Venett.
1132 1585 1170 1621 1.
1201 1585 1242 1622 2.
1271 1582 1453 1621 Mediol
1488 1586 1525 1622 1.
1561 1586 1601 1622 2.
1631 1589 1677 1623 et
1712 1582 1865 1637 Steph.
1870 1583 1978 1620 -63

137 1635 308 1675 Novum
328 1641 461 1687 capnt
476 1636 541 1676 De
560 1636 755 1686 Neglecta
777 1634 985 1685 Religione
999 1635 1069 1675 hic
1089 1635 1317 1676 ordiuntur
1335 1647 1482 1676 omnes
1502 1636 1630 1676 codd.
1665 1642 1711 1676 et
1742 1634 1848 1675 edd.
1878 1640 1980 1674 ante

135 1687 463 1742 Pighium.—64
490 1690 623 1732 Klok.
640 1695 764 1730 notat
782 1690 826 1729 in
840 1689 970 1730 Basil.
989 1701 1113 1730 esse·
1103 1720 1113 1730 .
1142 1690 1191 1729 ab
1210 1690 1275 1730 ira
1293 1691 1591 1730 Junonis.-—65
1622 1691 1851 1731 Schottus'
1842 1702 1883 1728 m
1907 1701 1983 1728 suo

975 1799 1156 1840 NOTAE

192 1885 205 1913 ¹
229 1886 458 1939 Varronem]
480 1887 530 1928 C.
541 1887 769 1929 Terentius
786 1889 928 1929 Varro
943 1887 1034 1929 dic-

135 1955 207 1991 tus
243 1956 329 2001 est,
374 1948 524 1991 humili
561 1952 659 1993 loco
699 1957 853 2003 natus;
902 1958 1032 2006 pater

139 2013 254 2054 enim
286 2014 418 2063 illius,
447 2021 563 2056 teste
593 2015 732 2067 Livio,
758 2017 901 2056 lanius
930 2015 1031 2068 fuit,

139 2076 382 2130 mercisque
407 2078 601 2131 institor,
628 2079 804 2133 filioque
825 2081 868 2120 in
888 2079 1036 2120 servili

142 2140 234 2192 eJus
253 2141 357 2180 artis
376 2142 618 2183 ministerio
636 2155 755 2183 usus.
800 2142 846 2182 Is
862 2148 1035 2183 mortuo

145 2208 287 2254 patre,
316 2205 624 2255 proclamando
644 2217 722 2257 pro
753 2205 937 2246 sordidis
961 2206 1035 2246 ho-

143 2265 329 2305 minibus
351 2266 556 2307 adversus
577 2280 668 2308 rem
698 2267 943 2323 famamque
962 2269 1037 2309 bo-

144 2341 312 2381 norum,
362 2330 502 2382 primo
536 2332 581 2371 in
633 2333 783 2385 populi
821 2333 1036 2384 notitiam,

144 2393 302 2434 deinde
330 2394 386 2434 ad
417 2395 600 2435 honores
632 2396 849 2448 pervenit.
908 2397 1038 2438 Quae.

148 2461 267 2514 stura
299 2456 480 2508 duplici,
509 2457 735 2499 AEdilitate
756 2464 845 2499 tum
866 2458 1041 2510 plebeia

147 2524 241 2560 tum
273 2520 428 2571 curuli,
454 2520 741 2574 Praeturaque
763 2521 1038 2574 perfunctus,

150 2583 430 2623 Consulatum
457 2583 642 2636 adeptus
666 2591 736 2625 est
754 2585 882 2625 homo
903 2591 1037 2626 teme-

150 2646 317 2696 rarius3
343 2647 414 2686 cui
445 2653 544 2699 post
564 2647 732 2688 cladem
755 2650 1040 2701 Cannensem,

151 2710 277 2761 cujus
316 2715 469 2751 auctor
503 2709 664 2764 fuerat,
701 2713 742 2752 in
783 2713 935 2754 urbem
973 2727 1040 2754 re-

151 2772 319 2823 deunti,
341 2779 387 2813 et
405 2785 429 2812 a
450 2775 611 2827 populo
650 2781 697 2815 et
716 2788 741 2815 a
762 2776 925 2817 Senatu
947 2788 1041 2829 gra-

150 2835 227 2876 tiae
260 2842 371 2877 actae
403 2843 519 2888 sunt,
547 2838 662 2891 quod
699 2839 754 2880 de
795 2840 1043 2892 Republica

152 2911 238 2940 non
264 2900 559 2954 desperasset,
584 2903 815 2956 oblataque
837 2905 1041 2944 Dictatu-

155 2975 217 3003 ra.
275 2964 348 3004 Ita
367 2965 528 3006 Livius.

208 3032 239 3052 ¹¹³
265 3026 385 3078 Apud
413 3029 590 3081 Cannas]
619 3029 792 3083 Apuliae
817 3031 1041 3085 oppidum,

157 3098 242 3127 non
260 3090 413 3140 procul
432 3090 487 3130 ab
502 3090 660 3132 Aufido
674 3092 865 3135 flumine.
915 3095 954 3135 N
962 3109 1045 3136 unc

153 3151 270 3192 illius
288 3158 456 3193 tantum
475 3161 710 3206 supersunt
739 3157 910 3209 rudera,
937 3158 1044 3199 dici-

158 3221 314 3268 turque
336 3217 476 3258 Canna
493 3220 706 3259 destructa.

211 3284 232 3305 Ι·
262 3279 394 3320 Ludos
416 3280 640 3333 Circenses]
670 3282 782 3322 Ludi
815 3283 931 3335 apud
962 3284 1046 3324 Ro-

160 3352 309 3382 manos
347 3343 532 3402 duplicis
568 3350 693 3385 erant
731 3347 924 3397 generis;
973 3348 1047 3387 alii

160 3406 391 3459 scenici,a
424 3410 595 3461 Scena;
637 3412 711 3452 alii
749 3413 991 3465 Circenses,
1022 3425 1047 3452 a

164 3469 292 3510 Circo
311 3471 430 3511 dicti.
487 3474 559 3513 De
576 3474 850 3516 Circensibus
870 3477 956 3516 tria
975 3490 1049 3528 po-

166 3531 375 3572 tissimum
410 3533 483 3574 hic
526 3538 760 3587 quaerenda
803 3539 907 3578 mihi
957 3539 1049 3578 visa

275 3599 418 3651 Delph.
435 3604 475 3640 et
499 3601 593 3643 Var.
615 3603 723 3645 Clas.

1103 1893 1218 1940 sunt,
1246 1887 1351 1942 quid
1386 1888 1541 1928 Circus
1575 1885 1723 1938 fuerit,
1752 1885 1867 1925 unde
1907 1884 1989 1925 hoc

1103 1952 1164 1992 illi
1182 1964 1356 2004 nomen,
1383 1953 1542 2005 quique
1562 1950 1653 1990 ludi
1678 1951 1721 1990 in
1743 1962 1796 1989 eo
1816 1948 1990 1988 exhibe-

1102 2021 1265 2057 rentur.
1303 2021 1341 2057 1.
1370 2017 1479 2058 Cum
1499 2016 1694 2056 Romana
1713 2026 1782 2054 res
1802 2013 1992 2053 nondum

1103 2080 1379 2131 adolevisset,
1418 2081 1462 2119 in
1493 2080 1634 2120 insula
1665 2078 1869 2118 Tiberina
1902 2077 1992 2116 ludi

1104 2144 1290 2196 primum
1327 2143 1564 2184 celebrati:
1608 2147 1733 2181 erant
1762 2153 1841 2193 pro
1877 2146 1994 2180 meta

1105 2219 1233 2247 enses
1253 2218 1306 2246 ex
1327 2219 1411 2247 una
1430 2211 1571 2257 parte,
1588 2217 1643 2245 ex
1663 2205 1799 2245 altera
1813 2204 1992 2244 Tiberis.

1104 2270 1178 2310 Ita
1194 2269 1384 2310 Servius.
1421 2269 1593 2308 Deinde
1611 2267 1868 2320 Tarquinius
1883 2267 1997 2307 Pris-

1106 2345 1181 2373 cus
1214 2333 1332 2373 inter
1362 2332 1612 2372 Palatinum
1647 2337 1693 2371 et
1730 2330 1995 2371 Aventinum

1105 2401 1295 2436 montem
1314 2395 1486 2435 Circum
1513 2395 1745 2434 maximum
1766 2393 2000 2443 exstruxit,

1107 2459 1230 2511 cujus
1250 2458 1476 2510 longitudo
1497 2459 1626 2499 trium
1641 2459 1881 2498 stadiorum
1899 2468 1996 2497 cum

1107 2522 1300 2572 dimidio,
1326 2521 1513 2563 latitudo
1551 2528 1736 2575 quatuor
1765 2523 1994 2574 jugerum:

1109 2592 1384 2635 tumrtectum
1407 2587 1672 2639 impositum,
1692 2587 1846 2627 sedilia
1865 2585 1999 2636 facta,

1107 2651 1204 2691 loca
1220 2652 1262 2690 in
1282 2651 1463 2703 triginta
1481 2651 1624 2691 curias
1650 2651 1815 2691 divisa:
1846 2662 1871 2689 a
1892 2649 1997 2689 duo-

1110 2714 1189 2754 bus
1227 2714 1435 2754 lateribus
1472 2714 1638 2766 Euripo
1676 2714 1881 2766 cingitur,
1925 2712 1999 2765 qui

1111 2791 1243 2831 aquas
1283 2778 1496 2830 recipiat3
1539 2783 1640 2829 post
1677 2778 1887 2829 Euripum
1925 2788 1998 2816 ex-

1111 2846 1292 2881 structae
1333 2841 1598 2892 triporticus,
1629 2854 1685 2881 ex
1720 2841 1874 2893 quibus
1912 2851 1997 2879 una

1112 2904 1341 2945 conficitur
1374 2905 1746 2957 amphitheatralis
1775 2909 1875 2943 octo
1912 2908 1997 2941 sta-

1112 2968 1277 3008 diorum
1290 2969 1587 3020 amplitudine,
1601 2981 1742 3020 capax
1758 2971 1849 3007 150.
1865 2964 2000 3004 millia

1111 3031 1344 3071 hominum.
1403 3032 1517 3072 Haec
1537 3037 1583 3072 et
1601 3033 1727 3084 plura
1744 3029 1996 3080 Dionysius,

1114 3094 1275 3135 Omnia
1294 3097 1496 3149 persequi
1512 3100 1764 3136 ornamenta
1783 3091 1999 3132 infinitum

1115 3158 1185 3198 sit.
1226 3163 1267 3199 2.
1298 3159 1454 3200 Circus
1474 3160 1647 3209 dicitur,
1678 3159 1745 3197 vel
1774 3156 1888 3208 quod
1918 3154 1998 3194 cir·

1115 3235 1211 3262 cum
1249 3228 1470 3270 metaset
1518 3234 1673 3274 pompa
1719 3219 1906 3258 ferretur
1952 3223 2000 3256 et

1115 3287 1286 3339 equites
1319 3291 1559 3335 currerent,
1589 3285 1658 3323 vel
1689 3282 1802 3335 quod
1832 3285 1999 3329 specta-

1117 3350 1226 3389 culis
1261 3349 1448 3401 undique
1482 3349 1527 3387 in
1558 3346 1743 3387 circuitu
1775 3344 1999 3384 aedificatis

1117 3410 1161 3453 in
1189 3414 1330 3454 medio
1363 3413 1453 3452 ludi
1485 3411 1820 3451 celebrarentur.
1868 3411 1907 3447 3.
1942 3407 2002 3446 Hi

1117 3477 1206 3516 ludi
1243 3477 1286 3515 in
1321 3480 1490 3526 septem
1527 3473 1649 3525 quasi
1679 3473 1837 3512 classes
1870 3471 2001 3511 tribui

1118 3544 1321 3589 possunt;
1350 3549 1527 3589 quarum
1563 3537 1714 3588 prima,
1743 3547 1888 3588 pugna
1920 3534 2003 3572 fuit

962 3606 1050 3645 Vaz.
1074 3606 1191 3645 Max.
1872 3602 1894 3641 1
