2352 4022
695 299 1026 339 Emisenos
1069 292 1569 336 ALPHABE'rlcth.
1946 282 2052 335 105

661 417 808 459 Editio
843 428 938 469 quae
976 413 1141 455 Douaci
1178 411 1339 466 prodiit
1369 422 1439 452 au.
1474 413 1592 451 1619.
1628 408 1832 450 exhibens
1870 410 2048 461 margini

227 419 390 460 Douac.

709 483 918 537 ascriptas
955 482 1215 524 Collationes
1258 480 1436 521 duorum
1473 478 1599 520 codd.
1640 491 1735 519 cum
1777 478 2048 531 Conjecturis

702 549 912 606 (Dousae)
931 551 985 590 V.
1002 550 1056 589 D.
1077 547 1313 601 cujusdam,
1341 557 1554 602 quamque
1587 544 1872 587 Bibliothecae
1907 545 2045 597 Lugd.

704 621 805 660 Bat.
825 617 987 670 legavit
1008 616 1190 657 Gudius.

222 686 352 726 Dons.
652 687 790 729 Janus
807 686 959 724 Dousa
976 683 1018 723 in
1038 683 1326 734 Conjecturis.

220 754 328 794 Exc.
346 752 499 805 Steph.
652 752 796 793 Variae
826 751 1056 792 Lectiones
1085 761 1140 790 ex
1171 749 1353 790 vetustis
1386 749 1515 790 codd.
1546 749 1598 790 ad
1618 748 1777 791 calcem
1799 747 1879 789 Ed.
1898 746 2047 799 Steph.

702 830 770 860 an.
787 821 908 858 1644.

219 884 393 927 Gembl.
653 885 801 927 Codex
821 883 1148 926 Gemblacensis
1167 884 1323 937 Pighii.

218 951 386 1003 Gryph.
407 955 447 991 1.
651 952 797 994 Editio
824 951 1078 1004 Gryphiana
1105 951 1256 1003 prima,
1274 962 1343 992 an.
1361 954 1478 993 1536.

401 1022 443 1060 2.
1105 1017 1312 1069 secunda,
1330 1029 1398 1059 an.
1417 1021 1538 1058 1541.

403 1088 444 1126 3.
1107 1084 1254 1136 tertia,
1274 1096 1345 1124 nn.
1362 1087 1481 1124 1543.

401 1155 441 1192 4.
644 1170 1075 1182 ———·-———-
1102 1155 1274 1204 quarta,
1292 1161 1359 1190 an.
1376 1154 1498 1192 1546.

1100 1218 1266 1271 quinta,
1283 1229 1351 1258 an.
1369 1220 1489 1258 1547.

1102 1290 1240 1336 sexta,
1259 1296 1328 1324 an.
1349 1287 1470 1324 1550.

399 1223 440 1258 5.
643 1239 803 1249 ---

399 1289 442 1326 6.
645 1305 858 1317 —---—·

1099 1352 1298 1403 septima,
1317 1363 1385 1392 an.
1402 1354 1522 1392 1556.

211 1356 440 1394 ——⁷.

205 1440 371 1454 ν-
399 1425 441 1462 8.
640 1443 1070 1453 ----·----
1097 1425 1268 1470 octava,
1294 1432 1359 1460 an.
1377 1422 1497 1459 1566.

211 1486 327 1529 Gud.
644 1490 784 1530 Variae
819 1489 1047 1530 Lectiones
1082 1489 1223 1542 Marq.
1254 1486 1404 1537 Gudii,
1446 1498 1501 1526 ex
1527 1486 1678 1539 viginti
1707 1487 1884 1539 amplius
1914 1487 2040 1528 codd.

691 1561 927 1608 excerptae.

208 1620 324 1674 Guy.
644 1623 859 1675 Guyetus‚
879 1623 1003 1676 cujus
1021 1621 1290 1674 conjecturas
1311 1618 1447 1660 edidit
1466 1619 1651 1660 Gudius.

209 1687 335 1728 Harl.
635 1690 785 1731 Codex
804 1689 1012 1730 Ecclesiae
1046 1687 1319 1729 cathedralis
1350 1685 1657 1737 Harlemensis,
1689 1698 1814 1739 quem
1834 1686 1963 1727 litera
1982 1687 2037 1730 G.

687 1756 882 1808 designat
902 1755 1078 1797 Gudius.

207 1821 362 1863 Heius.
377 1826 413 1864 1.
639 1824 786 1865 Codex
806 1823 906 1865 Nic.
926 1823 1113 1871 Heinsfi,
1131 1822 1232 1863 olim
1262 1834 1316 1862 ex
1347 1821 1626 1862 Bibliotheca
1658 1821 1922 1862 Marchionis
1954 1822 2033 1862 Es·

458 1925 466 1929 .
686 1890 837 1942 tensis,
852 1891 914 1930 ita
935 1903 960 1930 a
979 1889 1121 1930 Gudio
1141 1889 1409 1941 designatus,
1428 1889 1487 1929 H.
1508 1891 1546 1929 1.

204 1954 353 1997 Heius.
367 1959 408 1997 2.
634 1957 783 1998 Codex
802 1956 904 1998 Nic.
928 1956 1096 1997 Heinsii
1111 1957 1237 2008 alter,
1257 1955 1444 2009 scriptus
1460 1967 1530 1996 an.
1550 1957 1671 1995 1421.
1690 1960 1737 1996 et
1758 1968 1784 1996 a
1802 1955 1946 1998 Gudio
1961 1956 2036 1997 de·

684 2025 877 2077 signatus
896 2025 974 2075 ita,
999 2024 1058 2065 H.
1076 2028 1118 2066 2.

201 2089 382 2144 Herbip.
633 2091 780 2133 Editio
826 2093 1007 2134 Martini
1040 2091 1385 2145 Herbipolensis,
1430 2103 1499 2132 an.
1542 2093 1663 2132 1501.
1699 2102 1784 2144 qua
1810 2102 1909 2131 usus
1937 2095 2033 2132 erat

427 2204 429 2206 ,
680 2159 893 2200 Vorstius.

200 2224 347 2278 Kapp.
629 2225 820 2268 Joannes
838 2225 1035 2278 Kappius
1056 2225 1099 2266 in
1118 2225 1200 2267 Ed.
1223 2238 1302 2266 sua
1329 2226 1447 2279 Lips.
1473 2229 1594 2267 1782.
1615 2225 1738 2279 eujus
1756 2230 1926 2267 textum
1955 2237 2030 2267 ex*

679 2293 916 2334 hibendum
936 2294 1188 2334 curavimus.

198 2358 326 2399 Klok.
630 2359 866 2401 Matthaeus
886 2360 1102 2400 Klokkius
1120 2361 1162 2400 in
1191 2360 1388 2413 Epistola
1407 2360 1571 2402 Critica
1587 2361 1641 2401 ad
1661 2360 1867 2414 Lipsium.

196 2425 317 2465 Leid.
331 2428 366 2467 1.
382 2429 422 2468 2.
435 2429 475 2467 3.
489 2428 570 2468 &c.
626 2426 809 2468 Codices
829 2433 928 2467 octo
947 2427 1199 2479 Leidenses,
1219 2440 1328 2481 quos
1347 2428 1455 2468 citat
1471 2428 1712 2470 Torrenius.

194 2492 312 2545 Lips.
627 2495 777 2536 Codex
797 2493 1048 2547 Lipsiensis,
1065 2507 1192 2549 quem
1209 2496 1393 2537 contulit
1409 2495 1614 2536 Fellerus.

195 2559 460 2603 Medic.1.2.
473 2563 514 2604 3.
527 2561 609 2603 &c.
629 2560 811 2602 Codices
831 2561 1025 2603 Medicei
1052 2574 1147 2615 sex,
1177 2562 1237 2603 ita
1256 2575 1282 2603 a
1315 2562 1458 2603 Gudio
1486 2562 1731 2616 designati:
1759 2563 1823 2605 Μ.
1841 2567 1880 2604 1.
1908 2563 1970 2604 M.
1983 2567 2025 2605 2.

671 2630 736 2670 Μ.
751 2632 792 2670 3.
812 2631 896 2671 &c.

194 2695 374 2737 Mediol.
398 2700 436 2738 l.
626 2697 772 2739 Editio
792 2699 1132 2740 Mediolanensis
1157 2711 1227 2740 an.
1246 2703 1369 2742 1480.

193 2783 353 2795 —-—·
397 2767 437 2807 2.
626 2782 1112 2800 —-.-................-.
1157 2779 1228 2807 an.
1250 2770 1372 2808 1487.

625 2853 1111 2866 ---·-—--————--—
1158 2846 1226 2875 an.
1247 2837 1370 2876 1508.

398 2834 442 2873 3.

193 2915 352 2928 ---·
396 2901 438 2938 4.
1153 2913 1222 2940 au·
1241 2903 1362 2942 1510.

396 2969 438 3006 5.
1148 2981 1215 3008 an.
1235 2971 1358 3009 1513.

188 3030 309 3083 Mog.
618 3034 763 3075 Editio
780 3036 1039 3088 Moguntina
1057 3047 1125 3076 an.
1146 3038 1267 3076 1471.

194 3097 311 3138 Mur.
624 3101 776 3142 Codex
794 3104 869 3155 qui
900 3108 1024 3143 extat
1040 3102 1087 3143 in
1120 3102 1313 3156 Collegio
1339 3102 1609 3145 Jesuitarum
1640 3101 1804 3152 Romae,
1837 3102 1938 3142 olim
1958 3113 2013 3142 ex

666 3168 935 3210 Bibliotheca
951 3169 1130 3221 Mureti,
1159 3181 1286 3222 quem
1303 3168 1430 3209 litera
1446 3168 1490 3211 J.
1507 3169 1706 3221 designat
1723 3168 1903 3209 Gudius.

187 3232 290 3274 Par.
307 3237 345 3274 l.
358 3237 396 3275 2.
415 3238 455 3275 3.
467 3236 550 3278 &c.
613 3236 798 3278 Codices
816 3242 997 3290 quatuor
1015 3247 1069 3279 ex
1099 3237 1374 3278 Bibliotheca
1391 3236 1528 3290 Regia
1546 3236 1798 3288 Parisiensi,
1826 3247 1929 3290 quos
1949 3235 2012 3278 ita

664 3304 863 3356 designat
876 3305 1070 3346 Gudins:
1097 3305 1149 3346 L.
1162 3309 1201 3345 1.
1234 3307 1284 3346 L.
1298 3308 1339 3345 2.
1379 3306 1430 3345 L.
1446 3308 1487 3344 3.
1525 3304 1577 3344 L.
1592 3307 1632 3346 4.

186 3367 382 3410 Perizon.
614 3370 869 3411 Perizonius
889 3372 932 3411 in
953 3371 1080 3412 Notis
1098 3383 1124 3412 a
1141 3372 1347 3413 Tol-renio
1366 3370 1506 3413 editis.

184 3433 315 3478 Pont.
609 3437 800 3478 Joannes
817 3437 978 3478 Isacius
1003 3438 1239 3481 Pontauus.

182 3499 325 3541 Pulm.
609 3503 758 3545 Codex
779 3504 1023 3548 Pulmanni.
