2352 4022
758 331 892 369 oAP.
924 330 960 367 1.
1003 328 1082 367 DE
1128 323 1491 365 namoloNE.
1926 307 2030 359 117

203 453 553 508 oseadmota
577 452 689 504 aris
710 456 751 488 ²⁵
781 450 1027 502 Deorum
1053 443 1467 505 immortalium,
1490 438 1660 493 variis
1684 438 2033 504 temporibus

201 539 475 606 bellisque
526 535 764 588 diversis
820 532 1102 585 flaminiou
1140 529 1293 581 abire
1332 526 1486 596 jussi
1537 528 1689 586 sunt,
1735 522 2034 589 coactique

204 623 391 675 etiam.
466 620 545 673 At
570 618 857 688 Sulpiciov
894 617 1036 668 inter
1075 612 1502 667 sacrificandum
1543 613 1740 678 apexw
1775 623 1806 658 e
1845 607 2033 674 capite

203 707 521 775 prolapsuS,
544 705 724 756 eidem
740 699 786 733 ²⁶
825 699 1208 753 sacerdotium
1236 697 1481 749 abstulit.

277 792 328 842 ὁ.
369 788 824 854 Occentusque²⁷
864 783 1060 837 soricis
1089 782 1333 845 auditus,
1362 781 1542 833 Fabio
1570 779 1761 833 Max.¹
1801 777 2036 830 dictatu-

207 881 374 937 ram‚⁵‘
411 874 478 926 C.
506 871 814 925 Flaminio²
849 869 1225 937 magisterium
1250 867 1536 935 equitum‘*
1563 864 1876 935 deponendi
1901 878 2034 916 cau-

209 976 331 1013 sam
354 956 655 1027 praebuit.²⁸
674 964 699 988 *

977 1062 1269 1080 ‘W

209 1148 264 1190 G.
285 1145 592 1187 Claudiam—25
623 1146 722 1186 Vox
741 1146 824 1185 aris
842 1144 964 1185 deest
985 1146 1030 1186 in
1050 1143 1296 1197 quindecim
1314 1142 1441 1184 codd.
1470 1142 1554 1183 aris
1568 1143 1743 1183 Deorum
1760 1140 2040 1182 immortalium

208 1201 426 1242 omittitur
458 1200 502 1239 in
533 1212 618 1240 uno
651 1201 774 1240 Rem.
815 1199 992 1239 Deorum
1020 1198 1301 1238 immortalium
1331 1199 1488 1237 admota
1519 1197 1620 1248 aris,
1644 1196 1771 1236 variis
1802 1195 2040 1246 temporibus

207 1255 323 1306 conj.
354 1254 706 1294 Torrenius.—26
736 1254 942 1293 Nostram
979 1253 1208 1292 lectionem
1241 1251 1448 1290 exhibent
1483 1250 1609 1291 codd.
1646 1262 1778 1302 supra
1811 1249 1961 1301 viginti
1994 1253 2041 1287 et

207 1309 309 1349 edd.
328 1308 462 1360 antiq.
510 1307 681 1359 Lipsius
700 1307 1061 1358 conj-idem.—27
1093 1307 1287 1345 Occeutus
1304 1310 1435 1346 autem
1461 1304 1506 1343 in
1537 1303 1789 1356 quibusdam
1824 1303 1924 1344 edd.
1962 1301 2041 1342 sed

211 1361 350 1402 codd.
370 1361 528 1411 Coleri,
546 1361 762 1400 Perizonii
787 1366 832 1400 et
853 1360 1016 1400 Brand.
1040 1364 1079 1400 1.
1096 1364 1136 1400 2.
1165 1366 1357 1399 nostram
1389 1359 1620 1398 lectionem
1659 1363 1891 1398 testantur.
1947 1356 2038 1396 Bit.

210 1419 249 1456 l.
281 1422 325 1456 et
344 1415 464 1455 Leid.
488 1418 524 1455 1.
554 1427 704 1455 vocem
731 1414 892 1454 auditus
918 1415 1193 1455 delam—28
1222 1413 1382 1465 Copes.
1413 1424 1513 1457 cum
1548 1412 1645 1453 cod.
1666 1411 1757 1452 Col.
1773 1411 2041 1454 Jesuitarum

958 1570 971 1581 .
1017 1539 1201 1580 NOTAE

209 1636 278 1671 ter
310 1631 539 1673 admovere
570 1633 794 1682 altaribus,
831 1638 921 1673 tum
961 1632 1091 1673 susci·

211 1707 332 1748 pere,
362 1696 546 1749 denique
564 1698 808 1738 comedere.

263 1763 283 1784 ⁰
315 1758 526 1810 Flaminio]
557 1760 609 1799 Id
629 1766 713 1811 est,
734 1758 975 1800 sacerdotio
996 1760 1090 1800 Fla-

208 1820 361 1862 minis:
382 1828 431 1861 ut
449 1823 563 1862 enim
584 1835 609 1862 a
626 1822 843 1863 Pontifice
858 1821 1090 1862 Pontifica-

209 1889 295 1935 tus‚
312 1884 374 1924 ita
393 1897 418 1924 a
436 1886 628 1934 Elauiine
647 1886 899 1926 Flaminium
915 1886 1088 1926 dicitur.

261 1954 282 1974 ⁷
309 1948 501 2001 Sulpicio]
525 1950 618 1991 Ser.
648 1950 842 2001 Sulpicio
874 1950 1034 2002 Galba,
1065 1962 1091 1991 e

208 2011 394 2063 patricia
411 2014 694 2066 Sulpiciorum
721 2012 896 2063 familia,
926 2014 998 2066 qui
1012 2014 1092 2053 Fa-

210 2075 283 2116 bio
308 2077 503 2118 Maximo
521 2079 563 2118 in
581 2076 851 2119 Pontificatu
868 2077 1091 2118 successit.

265 2144 293 2164 '¹
319 2140 453 2192 Apex]
482 2141 590 2181 Erat
619 2141 661 2180 in
693 2151 857 2180 summo
890 2139 1093 2179 Flaminis

213 2201 328 2254 pileo
361 2204 502 2243 tenuis
538 2204 671 2256 virga,
700 2203 746 2243 in
776 2216 862 2256 qua
897 2209 1094 2244 extrema

212 2262 373 2305 floccus
393 2266 627 2308 eminebat.

205 2362 217 2370 ,
262 2332 287 2353 ¹
317 2329 440 2368 Fabio
473 2328 614 2380 Mam]
648 2328 921 2379 Cunctatori,
951 2329 1023 2381 qui
1051 2333 1096 2370 et

212 2403 238 2431 a
257 2391 455 2432 Verruca
473 2392 516 2431 in
542 2392 670 2432 labris
696 2391 713 2414 ί
730 2392 1024 2443 Verrucosus?
1049 2397 1097 2432 et

213 2465 239 2492 a
255 2454 582 2495 mansuetudine
597 2458 610 2479 ‘
622 2454 828 2495 Ovicula'
850 2456 992 2495 dictus
1006 2461 1094 2496 est:

213 2516 269 2556 de
297 2529 383 2570 quo
413 2518 548 2557 multa
580 2518 771 2570 reperies
800 2518 843 2558 in
864 2524 994 2570 gente
1014 2518 1094 2559 Fa-

214 2578 302 2620 bia.
347 2579 433 2619 Hic
450 2580 589 2620 oritur
609 2581 789 2632 quaestio
805 2580 1092 2634 perdifficilis:

215 2642 452 2683 Cunctator
465 2643 576 2683 enim
593 2644 666 2684 ille
680 2645 853 2696 Fabius,
868 2648 964 2685 cum
980 2645 1095 2697 apud

218 2705 402 2757 Livium,
421 2713 510 2747 tum
530 2707 573 2746 in
593 2706 846 2760 fragmentis
864 2708 999 2749 etiam
1019 2710 1097 2749 Ca·

214 2769 424 2821 pitolinis,
441 2770 505 2809 bis
526 2771 731 2811 Dictator
748 2771 880 2811 fuisse
900 2772 1095 2825 perhibe·

215 2838 287 2872 tur
304 2846 316 2872 ι
347 2839 395 2874 at
426 2846 511 2886 quo
545 2847 672 2887 anno,
704 2849 846 2889 quave
879 2837 934 2878 de
967 2850 1097 2878 causa

215 2895 488 2936 Dictaturam
508 2899 687 2950 primam
705 2901 902 2952 gesserit,
929 2914 1011 2942 nec
1028 2903 1098 2942 Li-

215 2958 308 2998 vius
327 2970 406 2999 nec
423 2959 665 3012 fragmenta
697 2964 770 3003 illa
791 2964 1004 3016 produnt:
1035 2967 1097 3005 al·

217 3025 355 3060 teram
370 3023 482 3062 euim
496 3035 551 3063 eo
565 3036 690 3078 anno,
702 3039 786 3079 quo
801 3027 850 3068 C.
866 3029 1097 3069 Flaminius

215 3085 270 3124 ad
289 3085 611 3128 Tin-asimenum
643 3100 777 3129 caesus
804 3096 888 3140 est,
919 3093 1099 3143 gessisse

218 3148 333 3200 apud
351 3161 496 3190 omnes
517 3151 668 3204 liquet.
698 3153 804 3193 Cum
819 3166 920 3194 vero
935 3160 981 3194 et
996 3156 1100 3196 Plu·

218 3212 389 3252 tarchus
423 3215 468 3253 in
502 3215 714 3256 Marcello
733 3217 959 3270 Polybium
980 3231 1099 3259 secu·

219 3280 306 3326 tus,
337 3275 456 3317 illum
478 3278 558 3319 hoc
576 3277 669 3319 fere
689 3284 883 3332 tempore
902 3281 1098 3322 Dictato-

220 3349 311 3378 rem
329 3337 461 3380 fuisse
490 3341 626 3393 dicat,
659 3348 706 3383 et
738 3349 920 3397 uterque
939 3345 1100 3385 Consul

218 3407 397 3452 propter
410 3403 568 3444 bellum
582 3405 783 3446 Istricum
800 3407 969 3448 abesset
983 3421 994 3458 3
1015 3421 1100 3449 non

220 3469 402 3517 temere,
418 3467 499 3507 nisi
516 3480 611 3509 mea
627 3482 696 3510 me
710 3469 821 3510 fallit
836 3472 995 3524 opinio,
1010 3485 1100 3514 sus-

221 3528 358 3582 picor,
379 3529 496 3572 illum
515 3533 594 3574 hoc
615 3546 726 3575 anno
743 3535 1014 3577 Dictatorem
1030 3549 1100 3578 co-

1159 1632 1377 1672 mitiorum
1411 1643 1543 1672 causa
1575 1621 1923 1671 dictum'fuisse.
1990 1629 2044 1670 In

1159 1709 1212 1736 eo
1240 1702 1383 1736 tamen
1415 1696 1676 1736 Plutarchus
1709 1707 1734 1735 a
1753 1694 1928 1734 Valerio
1958 1692 2045 1733 dis·

1158 1759 1306 1811 sentit,
1335 1759 1448 1812 quod
1469 1759 1740 1800 Dictaturam
1760 1770 1843 1798 non
1866 1771 1891 1797 a
1908 1756 2044 1798 Fabio

1159 1824 1366 1875 Maximo,
1382 1824 1458 1864 sed
1479 1837 1504 1864 a
1524 1825 1587 1864 M.
1608 1824 1797 1864 Minutio
1817 1824 1871 1864 ob
1892 1823 2045 1864 soricis

1159 1894 1385 1927 occentum
1412 1887 1654 1940 depositam
1674 1887 1795 1927 velit.
1852 1887 1941 1927 Cur
1959 1888 2046 1927 Va-

1159 1951 1266 1991 lerio
1285 1951 1443 2003 potius,
1471 1963 1599 2004 quam
1627 1950 1864 1991 Plutarcho
1894 1951 1974 1990 hac
1999 1950 2045 1990 in

1160 2020 1286 2067 parte
1328 2015 1552 2066 assentiar,
1598 2015 1683 2054 duo
1729 2025 1798 2053 me
1843 2019 2046 2054 movent:

1160 2090 1307 2130 unum,
1333 2079 1445 2131 quod
1476 2077 1540 2118 M.
1571 2077 1783 2117 Minutius
1810 2089 1835 2115 a
1860 2076 2048 2128 nemine,

1161 2142 1198 2181 si
1231 2141 1514 2182 Plutarchum
1559 2140 1798 2192 exceperiS,
1843 2139 2048 2179 Dictator

1161 2205 1432 2256 appelletur:
1477 2204 1678 2254 alterum,
1715 2202 1828 2256 quod
1866 2199 2047 2242 Minutii

1161 2278 1332 2318 nomen,
1375 2279 1454 2319 pro
1491 2266 1702 2317 Maximo,
1740 2267 1784 2306 in
1821 2265 2050 2306 Plutarchi

1161 2335 1329 2370 textum
1349 2331 1616 2371 librariorum
1635 2329 1741 2370 vitio
1765 2328 1896 2369 facile
1924 2334 2050 2380 potu-

1162 2394 1247 2434 erit
1272 2394 1490 2445 irrepere3
1521 2406 1618 2433 cum
1651 2393 1874 2445 praecipue
1908 2392 2051 2432 Minu·

1163 2456 1247 2496 tius
1277 2456 1410 2496 Fabio
1443 2456 1635 2496 Maximo
1653 2456 1810 2495 iterum
1827 2454 2049 2495 Dictatori

1162 2521 1379 2572 Magister
1394 2520 1584 2572 equitum
1603 2518 1752 2559 fuerit.

1216 2592 1234 2621 Υ
1263 2586 1538 2638 Dictaturam]
1586 2586 1692 2627 Quae
1712 2584 1847 2625 fuerit
1864 2584 1939 2623 illa
1958 2583 2048 2635 dig-

1164 2649 1293 2701 nitas,
1311 2650 1496 2690 diximus
1512 2650 1554 2688 in
1571 2648 1725 2688 militia
1742 2649 2050 2688 Romanorum.
2156 2694 2160 2701 Ἴ

1216 2719 1233 2740 2
1253 2715 1300 2755 C.
1323 2713 1537 2764 Flaminio]
1567 2713 1604 2752 E
1622 2712 1896 2755 Quintiorum
1918 2717 2050 2764 gente

1166 2778 1367 2830 patricia.
1423 2778 1506 2818 Ille
1538 2778 1630 2829 ipse
1655 2782 1738 2828 est,
1755 2777 1891 2829 quiin
1913 2776 2050 2827 primo

1165 2841 1400 2881 Consulatu
1420 2841 1699 2893 triumphavit
1725 2840 1780 2880 de
1810 2840 1976 2880 Gallis:
2007 2840 2050 2878 in

1165 2904 1302 2944 altero
1333 2904 1388 2943 ad
1417 2903 1737 2943 Thrasimenum
1764 2903 1818 2943 ab
1838 2902 2052 2942 Annibale

1167 2966 1303 3006 victus
1322 2967 1500 3008 cecidit.

1217 3037 1236 3058 ²
1257 3031 1539 3081 Magister-iam
1551 3031 1744 3083 equitum]
1774 3030 1858 3070 Ubi
1878 3034 2051 3069 creatus

1166 3100 1263 3134 erat
1283 3095 1501 3147 Dictator,
1529 3096 1736 3135 continuo
1763 3093 1842 3134 sibi
1862 3094 1954 3144 ipse
1974 3092 2049 3132 de-

1167 3158 1328 3210 ligebat
1341 3159 1596 3211 Magistrum
1609 3159 1822 3211 equitum3
1842 3156 1964 3206 cujus
1981 3167 2052 3195 ea-

1168 3221 1267 3262 dem
1286 3221 1372 3262 fuit
1397 3222 1510 3274 apud
1543 3222 1811 3261 Dictatorem
1844 3224 2052 3271 potestas,

1171 3296 1284 3336 quae,
1315 3290 1361 3325 et
1395 3291 1523 3324 antea
1552 3284 1668 3335 apud
1698 3283 1840 3334 Reges
1867 3282 2051 3322 Tribuni

1166 3347 1382 3400 Celerum,
1412 3354 1458 3388 et
1489 3348 1624 3387 multo
1652 3351 1750 3398 post
1769 3345 1884 3397 apud
1903 3346 2052 3398 Impe-

1167 3415 1332 3451 ratores
1347 3409 1554 3450 Praefecti
1577 3409 1794 3461 praetorio.
1827 3409 2049 3450 Summum

1168 3474 1280 3515 enim
1302 3474 1374 3525 jus
1395 3474 1457 3513 illi
1476 3472 1573 3525 fuit,
1590 3478 1680 3513 tum
1700 3472 1742 3512 in
1762 3472 1936 3525 milites,
1957 3478 2048 3512 tum

1167 3537 1212 3578 in
1246 3548 1450 3578 accensos
1482 3547 1657 3577 omnes:
1689 3536 1870 3578 vetitum
1902 3542 2048 3578 tamen
