2294 3990
404 301 476 356 84

407 437 694 484 Qnaestorum,
708 437 798 474 tum
811 431 1064 472 AErariorum
1083 435 1170 470 tum
1194 430 1279 470 Mi-

401 497 587 538 litarium
619 507 818 535 numerus
854 494 960 533 alius
980 493 1065 532 alio
1085 498 1279 544 tempore

402 574 482 614 pro
514 560 786 610 vectigalium
822 557 1002 607 ratione,
1037 556 1104 594 vel
1139 556 1276 596 minor

400 625 470 664 vel
483 625 617 676 major
630 622 725 662 fuit.
772 621 960 660 Primum
977 619 1148 670 quidem
1165 631 1274 659 anno

401 691 495 729 244.
526 688 609 726 duo
629 685 764 726 creati
782 696 806 723 a
826 684 878 723 P.
899 683 1151 734 Poplicola;
1181 690 1272 723 tum

400 763 510 791 anno
544 753 636 788 333.
670 748 756 786 duo
792 746 943 796 additi,
972 745 1044 798 qui
1066 746 1275 788 Consules·

400 813 515 866 apud
555 811 792 851 exercitum
828 815 1122 860 sequerentur.
1181 809 1270 850 Ubi

397 889 498 917 vero
519 875 756 928 perdomita
765 873 893 912 Italia
908 879 988 923 est,
999 873 1159 925 adJecti
1172 886 1274 925 qua-

397 945 500 980 tuor
539 950 649 978 anno
685 940 780 977 488.
809 936 882 988 qui
919 942 1102 988 quatuor
1135 937 1275 977 Italiae

396 1003 647 1046 Provincias
666 1014 748 1041 una
776 1013 872 1041 cum
903 999 1171 1040 Praetoribus
1205 1013 1271 1040 re-

397 1073 573 1121 gerent:
603 1066 761 1106 deinde
783 1078 807 1105 a
823 1065 941 1117 Sylla
961 1068 1110 1104 auctus
1129 1063 1182 1103 ad
1202 1068 1270 1105 20.

391 1124 544 1172 eorum*
569 1141 769 1170 numerus
798 1140 906 1168 anno
925 1131 1020 1167 672.
1076 1127 1164 1167 Sub
1185 1127 1271 1167 Im-

390 1194 662 1248 peratoribus
698 1205 800 1233 vero
845 1192 1036 1231 diversus
1071 1191 1155 1230 fuit
1190 1203 1270 1243 pro

389 1258 715 1300 Provinciarum
732 1268 923 1296 numero.
977 1266 1042 1296 ιν.
1063 1253 1130 1294 Ad
1144 1255 1270 1296 Quae-

390 1328 567 1373 sturam,
587 1321 658 1374 qui
675 1319 835 1373 primus
863 1318 915 1358 ad
949 1318 1053 1358 alios
1084 1318 1264 1357 honores

389 1385 545 1438 gradus
565 1390 676 1435 erat,
704 1397 795 1424 mos
815 1382 1018 1433 obtinuit,
1034 1389 1083 1422 ut
1100 1384 1264 1434 legere-

389 1456 462 1491 tur
477 1462 618 1499 nemo,
636 1449 718 1487 nisi
739 1447 809 1500 qui
829 1451 874 1487 et
891 1450 958 1487 28.
988 1459 1120 1486 annos
1137 1451 1263 1486 natus

387 1520 518 1564 esset,
547 1519 593 1553 et
611 1513 763 1552 decem
796 1523 927 1551 annos
956 1509 1170 1562 stipendia
1201 1509 1264 1550 fe·

387 1580 535 1629 cisset‚
553 1582 599 1617 et
617 1575 811 1617 Patricia
830 1579 948 1615 esset
967 1573 1128 1614 familia
1147 1575 1264 1625 geni-

385 1649 480 1684 tus:
502 1640 670 1681 admissi
685 1646 828 1680 tamen
841 1650 949 1678 anno
965 1641 1059 1678 333.
1076 1637 1261 1677 Plebeii.

386 1719 434 1748 V.
455 1703 752 1748 Quaestoribus
778 1701 964 1742 Urbanis
991 1701 1152 1741 nullum
1185 1700 1262 1740 im-

383 1770 552 1823 perium
573 1768 679 1818 fuit;
711 1779 795 1807 non
826 1766 1014 1816 vocatio,
1044 1777 1129 1804 non
1163 1777 1259 1816 pre-

382 1834 547 1885 hensio,
566 1845 646 1873 nec
667 1832 772 1872 sella
784 1831 958 1880 curulis,
972 1842 1053 1870 nec
1069 1830 1260 1869 lictores.

383 1897 647 1937 Militaribus
668 1908 767 1936 vcro
801 1900 847 1935 et
871 1894 1027 1934 scribae
1067 1897 1190 1932 erant
1215 1897 1262 1932 et

379 1961 575 2011 lictores,
591 1964 637 1999 et
645 1958 755 2011 juris
775 1956 947 1998 dicendi
963 1960 1172 2008 potestaS.
1205 1955 1262 1994 11-

378 2024 516 2064 lorum
529 2035 697 2072 munus,
709 2021 862 2061 aerario
875 2019 1045 2060 Saturni
1059 2030 1262 2071 praeesse,

382 2099 536 2128 curare
563 2084 805 2136 vectigalia,
825 2084 869 2122 in
885 2083 1062 2134 tabulas,
1079 2087 1168 2121 tum
1193 2094 1261 2122 ac-

383 2152 503 2204 cepti
531 2156 620 2191 tum
639 2149 819 2201 expensi
845 2147 1050 2186 rationem
1066 2144 1257 2194 referre3

382 2217 506 2268 signa
522 2214 722 2255 militaria
743 2225 796 2252 ex
819 2211 971 2252 aerario
992 2209 1260 2262 depromere,

381 2280 571 2321 vendere
587 2277 778 2331 praedam
794 2282 965 2328 captam
977 2287 1030 2314 ex
1043 2273 1259 2324 hostibus3

1044 313 1124 352 DE
1163 311 1567 352 ROMANORUM

1345 430 1517 484 civium,
1536 431 1666 485 quiin
1683 433 1842 485 praeliis
1861 432 2121 487 ceciderant,
2143 445 2224 476 nu·
2292 460 2294 462 -

1342 507 1507 536 merum
1524 497 1632 538 inire
1653 511 1664 547 ;
1695 503 1938 538 exterarum
1955 499 2144 550 gentium
2160 500 2224 540 le-

1344 566 1469 612 gatos
1483 562 1685 612 excipere
1697 561 1902 612 hospitio,
1916 562 2064 613 eisque
2076 573 2223 602 mune-

1341 635 1391 663 ra
1420 625 1688 676 Reipublicae
1716 624 1935 664 exhibere.
1963 624 2221 665 Militarinm

1340 699 1442 726 vero
1471 687 1567 739 fuit,
1596 687 1768 739 legatis,
1795 686 1962 727 cohorti
1978 687 2224 740 Praetoriae,

1340 754 1385 789 et
1410 751 1622 790 exercitui
1641 749 1919 802 suppeditare
1944 755 1989 790 et
2009 762 2222 792 annonam

1343 821 1388 856 et
1409 817 1640 869 stipendia,
1663 819 1872 870 privatam
1892 816 2074 856 militum
2094 828 2222 867 pecn-

1342 879 1454 919 niam
1468 881 1581 932 apud
1597 881 1717 933 signa
1729 881 1968 933 depositam
1985 878 2224 931 custodire,

1342 943 1564 983 manubias
1603 944 1816 995 recipere,
1858 945 1938 984 διο.
1993 941 2062 982 Ad
2091 942 2222 984 Quae-

1344 1011 1482 1046 stores
1507 1006 1707 1060 denique,
1725 1007 1796 1059 qni
1818 1005 2057 1046 Provinciis
2075 1005 2221 1046 Italia

1339 1076 1568 1121 praeerant,
1614 1071 1824 1122 pertinuit
1859 1069 2101 1122 vectigalia,
2139 1069 2216 1109 tri-

1339 1132 1460 1183 buta,
1489 1135 1689 1186 portoria,
1704 1136 1944 1187 pecuniam,
1962 1141 2008 1175 et
2028 1133 2221 1174 frumen-

1338 1201 1428 1235 tum
1441 1197 1662 1249 colligere,
1676 1198 1718 1237 in
1736 1198 1947 1238 rationum
1968 1197 2135 1238 tabulas
2149 1209 2219 1238 re-

1337 1259 1450 1300 ferre
1470 1274 1482 1311 ;
1512 1273 1589 1312 pro
1617 1262 1846 1313 majestate
1866 1261 2015 1313 populi
2036 1261 2220 1301 Romani

1337 1337 1427 1364 rem
1447 1338 1614 1377 gerere,
1631 1326 1831 1378 subigere
1842 1326 2000 1376 hostes,
2014 1331 2060 1366 et
2079 1326 2218 1366 socios

1336 1389 1464 1428 tueri.
1521 1400 1586 1429 vr.
1618 1389 1662 1428 Si
1695 1389 1790 1441 quis
1825 1401 1933 1429 vero
1967 1393 2068 1428 avet
2104 1389 2220 1429 scire

1333 1462 1529 1502 quaenam
1546 1449 1706 1490 fuerint
1719 1451 1803 1491 illae
1823 1456 2007 1503 quatuor
2021 1451 2062 1490 in
2084 1450 2219 1491 Italia.

1334 1513 1589 1555 Quaestoriae
1620 1514 1890 1554 Provinciae:
1919 1514 1984 1554 hae
2023 1513 2216 1566 fuerunt,

1331 1581 1380 1616 ut
1399 1577 1575 1629 conjicit
1592 1577 1770 1629 Pighius
1800 1578 1844 1617 in
1864 1577 2105 1618 Annalibus
2126 1578 2214 1618 Ro-

1329 1640 1464 1680 manis
1480 1640 1533 1679 ad
1547 1652 1702 1680 annum
1720 1639 1853 1680 Urbis
1865 1644 1960 1681 488.
1976 1641 2112 1692 prima
2131 1640 2215 1681 Os-

1329 1704 1499 1755 tiensis,
1517 1703 1559 1743 in
1580 1716 1666 1756 qua
1687 1703 1846 1753 Latini,
1873 1703 2036 1754 Sabini,
2062 1703 2217 1759 Marsi,

1329 1768 1520 1817 Etrusci,
1547 1772 1593 1807 et
1612 1767 1681 1807 alii
1700 1766 1816 1807 circa
1833 1768 2012 1806 Romam
2031 1767 2181 1819 populi
2199 1779 2213 1816 ;

1329 1830 1466 1869 altera
1478 1829 1652 1881 Calena,
1665 1829 1708 1868 in
1722 1841 1806 1881 qua
1826 1829 2074 1881 Campania,
2092 1830 2215 1870 Sam-

1330 1892 1448 1931 nium
1475 1897 1521 1932 et
1554 1892 1759 1943 Lucania,
1787 1895 1867 1932 &c.
1895 1893 2028 1932 tertia
2057 1892 2215 1933 Arimi-

1329 1955 1490 2007 nensis,
1526 1968 1601 1995 seu
1622 1955 1807 2007 Gallica,
1841 1955 1884 1994 in
1915 1968 2000 2008 qua
2029 1955 2211 1996 Umbria

1330 2024 1375 2058 et
1403 2018 1547 2058 Gallia
1575 2018 1630 2058 ad
1651 2018 1916 2058 Rubiconem
1937 2031 2069 2072 usque
2087 2020 2213 2060 Pice-

1328 2092 1429 2121 num
1445 2097 1456 2132 ;
1485 2087 1530 2121 et
1550 2086 1702 2134 quarta
1724 2081 1957 2133 Lucerina,
1977 2082 2066 2122 sive
2083 2087 2206 2135 Apu-

1328 2147 1388 2186 lia
1407 2146 1638 2196 Calabriae,
1665 2145 1708 2184 in
1741 2158 1825 2198 qua
1851 2145 1999 2198 Apuli,
2016 2146 2208 2200 Hirpini,

1324 2210 1549 2262 Salentini,
1562 2212 1644 2250 ὅτε.
1664 2209 1719 2249 ad
1740 2211 1878 2250 sinum
1890 2222 2024 2264 usque
2041 2211 2203 2252 Taren-

1326 2273 1480 2314 tinum.

698 2404 1180 2461 PROCONSUL
1215 2404 1317 2457 ΕΤ
1354 2402 1891 2457 PROPRAETOR.

434 2535 540 2577 CUM
558 2548 638 2588 par
657 2548 793 2588 prope
812 2533 945 2574 fuerit
963 2532 1254 2585 Propraetoris

380 2612 431 2640 ac
464 2600 739 2640 Proconsulis
771 2598 974 2650 dignitas,
1017 2596 1254 2648 eademque

375 2662 537 2703 fuerint
552 2663 718 2716 utrique
736 2667 781 2702 et
793 2660 975 2712 insignia
995 2665 1039 2699 et
1067 2671 1256 2709 munera,

376 2727 447 2767 hic
475 2726 528 2767 de
559 2733 740 2779 utroque
759 2724 984 2766 brevitatis
1012 2734 1144 2762 causa
1163 2733 1258 2772 age-

376 2802 486 2830 mus.
541 2801 578 2829 1.
600 2789 723 2829 Inter
740 2788 982 2839 Scriptores
1001 2797 1084 2825 non
1105 2796 1257 2824 conve-

376 2854 443 2894 nit
469 2851 759 2902 ‘Pi-oconsul,'
789 2864 843 2891 an
875 2851 887 2872 ‘
909 2851 995 2889 Pro
1029 2849 1214 2888 Consule
1229 2847 1256 2898 ;'

373 2918 386 2939 ‘
407 2914 687 2968 Propraetor,'
718 2927 771 2954 an
799 2915 812 2936 ‘
832 2913 919 2953 Pro
938 2913 1137 2952 Praetore
1151 2911 1162 2929 '
1196 2913 1255 2951 le-

378 2981 564 3033 gendum
585 2980 654 3021 sit.
708 2979 720 3001 ‘
743 2976 1008 3030 Propraetor'
1035 2982 1079 3016 et
1113 2976 1126 2998 ‘
1145 2976 1255 3015 Pro-

376 3042 555 3092 consul,'
612 3048 661 3082 ut
708 3052 941 3094 pronepos,
989 3038 1254 3091 pronepotis,

374 3106 488 3147 Aldo
499 3105 704 3146 Manucio
720 3104 943 3156 probatur3
960 3103 1136 3154 Pighius
1152 3113 1251 3141 vero

377 3182 473 3210 cum
496 3168 722 3217 Cicerone,
749 3171 840 3206 tum
860 3165 980 3205 fastis
1000 3164 1251 3216 Capitolinis

378 3233 627 3274 auctoribus
664 3231 676 3252 ‘
696 3230 784 3270 Pro
813 3227 1020 3270 Consule'
1061 3232 1107 3267 et
1137 3227 1251 3266 ‘Pro

375 3295 598 3337 Praetore’
616 3293 844 3347 legendum
873 3298 1026 3345 putat:
1054 3303 1134 3343 ego
1156 3296 1251 3329 utro

376 3361 469 3414 quis
504 3359 631 3399 modo
663 3357 833 3410 legerit,
864 3360 1140 3409 peccaturum
1169 3365 1254 3393 non

377 3424 650 3466 crediderim.
681 3435 731 3463 11.
759 3421 857 3462 Alia
870 3420 1052 3461 florente
1068 3431 1118 3459 ac
1136 3429 1254 3458 ever·

375 3500 421 3529 sa
440 3488 676 3540 Republica
691 3485 1000 3527 Proconsulum
1014 3483 1125 3523 ratio
1144 3481 1249 3522 fuit:

377 3557 604 3604 antequam
624 3549 736 3590 enim
756 3550 950 3591 Caesares
973 3559 1114 3588 rerum
1144 3545 1254 3598 poti-

376 3622 543 3670 rentur,
562 3615 848 3658 Proconsules
868 3617 991 3654 erant
1022 3611 1068 3664 ii,
1098 3610 1170 3664 qui
1190 3609 1257 3651 vel

1322 2543 1346 2571 e
1377 2531 1628 2582 Consulatu,
1658 2531 1727 2571 vel
1758 2536 1990 2583 prorogato
2009 2528 2208 2581 imperio,

1322 2596 1391 2635 vel
1425 2607 1448 2634 e
1477 2595 1658 2647 privatis
1675 2600 1802 2635 extra
1821 2595 2015 2635 ordinem
2035 2594 2078 2634 in
2097 2594 2210 2634 Pro·

1322 2659 1500 2705 vincias,
1521 2664 1570 2699 ut
1590 2659 1642 2699 iis
1673 2663 1927 2711 praeessent,
1954 2658 2069 2699 mitti
2090 2658 2200 2698 sole·

1323 2722 1455 2763 bant:
1486 2723 1537 2762 iis
1559 2727 1682 2762 erant
1711 2722 1860 2774 legati,
1896 2722 2077 2762 Tribuni
2097 2721 2207 2760 mili-

1324 2789 1430 2836 tum,
1460 2785 1757 2835 Centuriones,
1778 2782 2001 2834 Praefecti,
2022 2783 2202 2834 Scribae,

1322 2849 1499 2888 lictores
1536 2838 1779 2898 duodecim,
1822 2845 2078 2898 Aruspices,
2105 2845 2202 2885 Me-

1325 2912 1411 2952 dici
1448 2916 1494 2951 et
1531 2910 1887 2961 Contubernales,
1924 2921 2019 2961 quae
2049 2907 2203 2948 cohors

1322 2974 1538 3014 Praetoria
1575 2974 1702 3025 vulgo
1730 2973 1984 3013 dicebatur:
2013 2971 2079 3011 his
2114 2983 2204 3012 om-

1319 3038 1443 3079 nibus
1463 3037 1693 3088 stipendia,
1714 3041 1873 3085 vestes,
1893 3047 2010 3085 vasa,
2029 3034 2202 3074 vehicu-

1321 3103 1379 3152 la,
1398 3101 1690 3150 tabernacula,
1713 3105 1757 3139 et
1779 3099 1862 3139 alia
1886 3098 1932 3138 id
1948 3088 2087 3150 'genus
2108 3095 2204 3136 dari

1319 3166 1516 3218 impensa
1534 3164 1708 3216 publica
1724 3174 1813 3203 mos
1828 3167 1935 3202 crat.
1991 3171 2064 3200 111.
2093 3159 2202 3199 Pro·

1320 3228 1512 3268 consules
1531 3238 1702 3278 semper
1729 3238 1825 3266 cum
1860 3227 2077 3276 potestate
2108 3221 2200 3262 fue-

1319 3297 1435 3342 runt,
1479 3302 1597 3341 saepe
1639 3301 1734 3329 cum
1778 3288 1989 3340 imperio;
2032 3299 2204 3339 semper

1322 3354 1413 3394 sine
1450 3353 1713 3404 magistratu
1745 3356 1792 3391 et
1827 3349 2057 3403 auspiciis:
2086 3349 2202 3391 unde

1321 3418 1454 3457 honos
1484 3415 1704 3467 triumphi,
1733 3414 1835 3454 dum
1852 3415 2047 3466 vigerent
2065 3414 2201 3466 leges,

1321 3479 1667 3530 Proconsulibus‚
1698 3483 1746 3518 ut
1778 3477 1983 3519 Africano
2028 3477 2205 3530 Majori,

1324 3556 1371 3585 re
1405 3543 1535 3584 etiam
1574 3542 1686 3582 bene
1716 3546 1849 3593 gesta,
1887 3545 2072 3594 negatus
2106 3544 2201 3589 est;

1327 3614 1482 3660 postea
1501 3612 1644 3648 tamen
1670 3604 1899 3657 nonnullis,
1925 3609 1973 3645 ut
1992 3602 2199 3656 Pompeio
