2352 4022
392 334 498 388 164
907 349 1165 389 vAcuRu
1211 349 1449 388 MAXIMI
1493 351 1609 390 Lm.
1649 353 1687 390 1.

463 472 515 523 ].
554 473 706 526 Serv.
756 472 975 524 Tullio⁸
1011 472 1180 523 etiam
1229 474 1342 522 tum
1364 474 1384 498 ²
1420 469 1654 539 puerulo
1696 470 1999 537 dormienti,
2048 474 2198 528 circa

390 563 560 623 caput
582 559 857 608 flammam
882 556 1216 618 emicuisse‚³
1234 553 1254 584 ¹²
1278 555 1568 607 domestici
1589 554 1736 607 oculi
1761 562 2196 610 annotaverunt*

391 639 556 703 Quod
583 640 889 707 prodigium
934 638 1117 690 Prisci
1159 638 1480 706 Tarquinii4
1515 639 1660 706 regis
1702 655 1841 691 uxor
1883 639 2199 709 Tanaquilc

389 724 676 785 admirata,
701 724 954 775 Servium
982 739 1144 775 serva
1168 729 1356 775 natum
1374 728 1393 761 ⁵
1409 721 1433 752 ‘¹
1468 723 1526 774 in
1547 723 1772 775 modum
1797 723 1898 776 filii
1919 724 2197 790 educavit,

385 812 438 859 et
463 807 531 859 ad
558 810 768 873 regium
788 807 1066 874 fastigium
1092 810 1348 863 evexit.⁸‡

457 891 507 942 2.
526 892 727 967 *AEque
753 891 934 944 felicis
961 898 1190 946 eventus
1227 894 1324 946 illa
1349 892 1591 958 flamma,
1617 911 1742 963 quae
1773 912 1846 948 ex
1871 895 1936 947 L.
1965 889 2201 947 Marciif

382 1146 568 1187 ordinem
583 1147 742 1187 habent
763 1146 888 1186 codd.
908 1147 1050 1199 Pighii
1071 1155 1116 1187 et
1143 1147 1315 1211 quidam
1334 1148 1682 1189 Torreniani.——2
1711 1149 1800 1190 Ser.
1827 1149 1954 1189 Tullio
1983 1150 2198 1192 etiamtunc

379 1200 423 1240 in
443 1201 690 1253 quibusdam
711 1202 835 1240 codd.
866 1200 975 1242 Serv.
1000 1202 1126 1241 Tullio
1145 1214 1326 1251 Jamnum
1355 1202 1528 1253 legebat
1559 1202 1770 1242 Klok.—3
1799 1205 1986 1244 Deletur
2017 1206 2194 1245 verbum

377 1255 576 1294 emicuisse
608 1255 649 1293 in
683 1255 803 1294 Harl.
839 1265 916 1304 pro
950 1268 1034 1306 quo
1072 1255 1192 1294 Leid.
1225 1260 1264 1296 6.
1296 1255 1426 1294 habet
1462 1257 1660 1296 enituisse.
1714 1258 1803 1298 Pro
1839 1257 2051 1308 domestici,
2085 1259 2194 1298 Mss.

374 1309 548 1358 Wassii,
558 1314 739 1360 uterque
752 1307 911 1358 Ultraj.
930 1322 1036 1349 unus
1049 1310 1216 1349 Douac.
1236 1311 1320 1351 duo
1333 1308 1486 1350 Leidd.
1501 1310 1687 1361 itemque
1700 1311 1801 1351 Vet.
1816 1311 2034 1362 exhibent,
2050 1313 2199 1352 domes-

374 1366 599 1402 torum.—4
626 1363 731 1401 Anci
746 1359 894 1402 Marcii
911 1363 955 1403 in
974 1363 1099 1403 codd.
1117 1364 1281 1405 Schott.
1297 1362 1457 1403 Braud.
1477 1367 1514 1404 1.
1531 1367 1570 1405 2.
1589 1365 1749 1416 Ultraj.
1771 1368 1808 1406 1.
1821 1365 1921 1405 Vet.
1944 1370 1989 1404 et
2007 1365 2194 1416 Herbip.

374 1416 480 1455 Anci
496 1417 606 1465 regis
625 1417 757 1456 Marci
775 1413 871 1456 cod.
893 1418 1090 1457 Perizon.
1112 1419 1264 1469 viginti
1278 1417 1543 1468 Torreniani,
1565 1423 1609 1458 et
1624 1419 1802 1458 Venett.
1820 1422 1860 1459 4.
1881 1423 1920 1459 5.
1952 1418 2060 1458 Duce·
2088 1419 2197 1469 regis

375 1469 527 1508 Marcii
546 1469 703 1521 Ultraj.
724 1474 762 1510 2.
782 1470 918 1510 Prisci
938 1471 1142 1524 Tarquinii
1161 1473 1322 1512 Medic.
1343 1475 1383 1511 1.
1402 1474 1440 1511 2.
1470 1483 1566 1511 cum
1597 1472 1696 1511 edd.
1713 1471 1842 1511 Aldd.
1871 1479 1917 1512 et
1941 1471 2085 1512 Chalc.
2140 1471 2193 1511 In

374 1523 660 1574 marg.'Barb.
681 1527 717 1563 1.
736 1524 895 1575 legitur
927 1525 1021 1565 haec
1051 1525 1217 1576 glossa:
1247 1530 1258 1548 ‘
1277 1527 1385 1567 Quae
1412 1525 1622 1576 Tanaquil
1659 1532 1811 1576 postea
1838 1537 1945 1564 uxor
1975 1525 2195 1577 Tarquinii

375 1574 518 1615 Prisci
536 1576 685 1617 Quinti
702 1574 986 1618 Romanorum
1004 1578 1243 1630 Regis.'—5
1265 1578 1464 1631 Plerique
1479 1579 1602 1620 codd.
1618 1579 1813 1629 Pighiani
1830 1579 2011 1618 habent:
2040 1591 2193 1618 servum

372 1641 485 1668 serva
504 1634 650 1681 natum,
668 1631 822 1671 omisso
840 1632 967 1672 Tullii
987 1633 1096 1684 regis
1114 1633 1399 1684 praenomine;
1427 1632 1486 1671 sic
1506 1633 1637 1671 etiam
1653 1632 1780 1673 codd.
1798 1632 1944 1673 Vorst.
1966 1637 2011 1671 et
2025 1632 2194 1673 Sebott.

374 1679 562 1734 Herbip.
580 1690 626 1723 et
643 1684 737 1724 aliae
758 1689 864 1725 vett.
891 1687 939 1725 de
968 1698 1079 1725 serva
1110 1690 1248 1725 natum
1280 1698 1385 1725 unus
1412 1686 1554 1725 Bitur.
1585 1699 1606 1725 e
1637 1699 1751 1726 serva
1780 1692 1917 1725 natum
1949 1685 2130 1726 Barber.
2152 1690 2193 1725 1.

373 1747 484 1775 serva
503 1741 636 1776 natum
655 1737 697 1776 in
720 1738 903 1790 triginta
919 1739 1201 1790 Torrenianis‚
1228 1739 1385 1778 omissa
1415 1750 1517 1779 voce
1548 1751 1717 1789 servum,
1748 1740 1819 1778 vel
1837 1739 2031 1779 Servium.
2085 1739 2194 1778 Mox

375 1788 459 1829 duo
479 1791 659 1830 Torren.
679 1793 729 1831 ad
745 1792 1108 1843 regnifastigium:
1134 1798 1179 1832 at
1207 1794 1339 1842 regist,
1369 1797 1414 1832 et
1442 1793 1558 1843 regni
1588 1792 1823 1844 saepissime
1855 1795 2195 1845 permutata.—6

1193 1915 1374 1956 NOTAE

426 2028 444 2052 ²
467 2026 603 2066 Servio
630 2026 774 2078 Tullio]
806 2027 978 2068 Ocrisia
1008 2028 1251 2068 Cornicula-

369 2103 424 2131 na
440 2092 614 2142 captiva
633 2098 771 2143 natus,
800 2104 850 2131 ac
869 2092 1026 2131 virtute
1047 2093 1249 2142 singulari

370 2155 479 2206 Regi
498 2155 727 2207 Tarquinio
763 2156 1095 2206 commendatus,
1115 2156 1249 2207 *Regii

367 2221 605 2260 stemmatis
636 2221 884 2270 proceribus
920 2221 1124 2272 praelatus
1156 2226 1246 2270 est3

367 2285 610 2336 Sextusque
638 2285 782 2323 Romae
804 2284 1014 2334 regnavit.
1233 2282 1247 2289 χ

425 2346 443 2373 b
462 2349 682 2387 Flammam
713 2347 935 2398 emicuisse]
974 2348 1119 2387 Puero
1151 2348 1246 2387 dor-

367 2409 516 2449 mienti
547 2410 698 2448 arsisse
718 2415 850 2460 caput
877 2409 1054 2449 tradunt
1081 2410 1246 2460 Diony-

368 2472 453 2511 sius
467 2472 539 2511 lib.
561 2484 625 2511 lv.
641 2479 687 2512 et
701 2472 846 2511 Livius
864 2473 940 2512 lib.
962 2483 992 2511 ι.
1012 2473 1055 2511 in
1072 2485 1123 2512 eo
1143 2485 1246 2513 vero

371 2535 647 2586 dissentiunt,
678 2535 791 2587 quod
826 2535 897 2574 ille
935 2546 960 2574 a
990 2538 1143 2583 matre,
1177 2534 1246 2573 hic

368 2603 523 2649 sponte
543 2610 618 2637 sua
646 2602 945 2648 experrectum
975 2596 1109 2647 dicat,
1129 2609 1244 2636 mox-

367 2674 449 2714 que
470 2674 564 2701 cum
586 2675 733 2702 somno
750 2660 962 2701 flammam
983 2661 1154 2700 abiisse.

422 2731 440 2768 ’τ
466 2724 546 2766 An.
566 2726 629 2765 M.
645 2725 766 2765 3444.
800 2725 872 2766 ΟΙ.
899 2728 967 2765 42.
1001 2728 1041 2764 3.
1068 2725 1173 2764 Urb.
1195 2725 1243 2764 C.

367 2792 461 2830 143.
484 2789 586 2830 Ant.
606 2791 683 2830 Ch.
704 2794 798 2830 609.

419 2859 436 2879 ⁰
460 2854 666 2905 Tanaquil]
694 2854 804 2895 Quae
824 2852 1112 2905 prodigiorum
1133 2852 1244 2904 peri—

369 2915 549 2967 tissima,
587 2915 832 2967 Tarquinio,
864 2917 877 2937 ‘
914 2915 1104 2955 Videsne
1142 2927 1243 2966 pue·

367 2991 462 3018 rum
480 2978 624 3026 hunc,'
643 2979 803 3031 inquit:
850 2978 863 3001 ‘
884 2979 991 3019 scire
1010 2978 1114 3018 licet
1131 2979 1244 3017 hunc

366 3042 513 3081 lumen
540 3042 752 3094 quondam
773 3041 902 3080 rebus
921 3042 1076 3080 nostris
1105 3040 1244 3079 dubiis

365 3105 572 3156 futurum,
591 3105 920 3157 praesidiumque
940 3104 1088 3154 Regiae
1116 3102 1246 3142 afflic-

368 3169 457 3210 tae.’
510 3169 621 3209 Inde
640 3181 748 3221 puer
765 3169 997 3209 liberorum
1016 3168 1112 3208 loeo
1131 3179 1245 3218 coep-

369 3237 439 3273 tus
478 3233 656 3283 haberi;
696 3233 832 3286 iisque
869 3230 1031 3271 erudiri
1068 3230 1247 3281 artibus,

367 3296 519 3348 quibus
557 3295 730 3347 ingenia
765 3294 819 3334 ad
861 3306 1026 3346 magnae
1061 3291 1245 3333 fortunae

369 3360 530 3398 cultum
550 3359 810 3399 excitantur.
862 3358 935 3398 Ita
953 3357 1111 3397 Livius.

422 3420 442 3447 ‘¹
458 3421 578 3461 Serva
593 3423 746 3475 natum]
773 3422 869 3461 Hac
889 3420 929 3460 in
946 3426 1070 3472 parte
1084 3419 1244 3471 Diony-

369 3485 478 3524 sium
510 3484 622 3526 inter
655 3491 702 3524 et
739 3484 902 3525 Livium
938 3484 1041 3523 nihil
1078 3483 1245 3523 omnino

370 3546 584 3587 convenit.
641 3547 786 3587 Livius
805 3545 934 3586 Tullii
960 3551 1123 3598 patrem
1143 3544 1245 3586 Cor-

1315 2030 1558 2070 niculanum
1578 2030 1707 2071 fuisse
1725 2031 1966 2083 Principem
1981 2029 2194 2080 affirmat3

1316 2092 1388 2132 ille
1416 2105 1502 2133 non
1534 2094 1653 2134 item.
1711 2093 1921 2133 Ocrisiam
1955 2095 2067 2133 illius
2103 2106 2191 2133 ma-

1315 2160 1425 2196 trem
1449 2157 1502 2196 ob
1514 2157 1780 2197 nobilitatem
1800 2169 1824 2197 a
1843 2158 2008 2208 Regina
2020 2157 2195 2197 servitio

1318 2220 1572 2270 prohibitam
1588 2234 1600 2270 ;
1619 2221 1690 2259 ille
1703 2226 1847 2271 negat.
1890 2220 2033 2259 Puero
2053 2219 2191 2262 Servii

1314 2284 1441 2324 Tullii
1462 2296 1614 2323 nomen
1647 2297 1672 2323 a
1701 2291 1827 2335 patre
1860 2283 2070 2332 inditum3
2117 2283 2190 2322 ille

1313 2359 1416 2387 vero
1436 2348 1527 2386 vult
1550 2347 1716 2386 Tullium
1745 2346 1917 2399 quidem
1935 2359 1959 2385 a
1979 2354 2119 2397 patre,
2149 2351 2195 2386 et

1313 2421 1339 2448 a
1368 2414 1520 2460 matre,
1548 2421 1642 2461 quae
1676 2420 1800 2448 serva
1831 2407 1989 2459 fuerat,
2009 2409 2192 2449 Servium

1314 2479 1620 2523 nuncupatum.

1366 2540 1383 2561 e
1401 2535 1466 2574 Ad
1485 2535 1639 2585 regium
1660 2534 1874 2585 fastigium
1892 2535 2042 2587 evexit]
2083 2535 2191 2575 Tar-

1314 2599 1457 2650 quinio
1493 2598 1547 2637 ab
1575 2598 1684 2637 Anci
1721 2598 1871 2639 Martii
1902 2597 1998 2637 filiis
2030 2598 2191 2648 occiso,

1312 2662 1533 2713 Tanaquil,
1554 2673 1649 2712 quae
1679 2661 1758 2701 sibi
1793 2662 1960 2713 suisque
1996 2660 2194 2711 timebat,

1315 2725 1555 2764 dissimulat
1591 2723 1725 2776 Regis
1763 2725 1942 2772 caedem,
1989 2725 2190 2775 civesque

1315 2788 1418 2827 alios
1450 2800 1506 2828 ex
1537 2788 1628 2828 aliis
1661 2787 1873 2827 nectendo
1907 2787 2046 2837 dolos,
2069 2786 2191 2827 ›ludit

1314 2851 1494 2900 tamdiu,
1524 2850 1622 2889 dum
1653 2850 1828 2890 Servius
1866 2850 2024 2890 multos
2054 2856 2193 2902 gesta-

1313 2926 1403 2954 rum
1439 2926 1580 2954 rerum
1613 2912 1765 2965 gloria,
1794 2914 1948 2952 multos
1978 2911 2190 2952 industria

1312 2984 1357 3018 et
1376 2977 1578 3017 comitate
1610 2976 1691 3016 sibi
1717 2975 1932 3026 conciliat,
1959 2987 2190 3028 omnesque

1311 3040 1470 3081 blande
1504 3039 1762 3092 appellando
1793 3051 1996 3078 summam
2022 3038 2191 3080 invadit

1315 3103 1630 3143 auctoritatem.
1687 3102 1758 3142 Ita
1777 3102 2027 3153 Dionysius.

1306 3174 1309 3177 '
1369 3172 1386 3214 ζ
1410 3164 1493 3206 Αῐι.
1513 3167 1576 3206 M.
1597 3169 1719 3206 3444.
1752 3165 1823 3206 01.
1842 3168 1909 3205 42.
1930 3168 1969 3205 3.
2002 3163 2112 3205 Urb.
2133 3165 2186 3206 C.

1314 3233 1407 3270 143.
1427 3229 1534 3270 Ant.
1551 3230 1628 3270 Ch.
1649 3233 1743 3269 609.

1364 3291 1383 3317 f
1397 3294 1448 3333 L.
1478 3291 1648 3342 Marcii]
1705 3291 1837 3331 Filius
1871 3289 1955 3330 fuit
1989 3290 2188 3342 Septimii

1312 3357 1509 3408 Equitis;
1539 3356 1694 3406 etipse
1714 3355 1886 3406 Equcs;
1908 3353 2080 3406 juvenis
2111 3353 2188 3394 im-

1311 3420 1451 3472 piger,
1475 3418 1647 3457 maximi
1665 3422 1710 3456 et
1730 3416 1890 3467 ingenii
1911 3421 1957 3456 et
1976 3416 2101 3456 animi
2122 3428 2134 3466 ;
2162 3429 2186 3456 a

1313 3484 1392 3523 Cn.
1407 3482 1608 3532 Scipione
1625 3479 1820 3521 omnibus
1840 3479 2003 3519 militiae
2023 3479 2187 3520 artibus

1311 3546 1557 3585 instructus.
