2346 3952
621 277 934 318 GENTIBUS
979 276 1053 314 ΕΤ
1095 272 1399 314 FAMILIIS.

106 408 229 455 pater
256 399 339 442 fuit
369 410 440 440 111.
473 399 523 439 L.
541 397 752 450 Scipionis
785 395 981 436 Consulis

106 477 217 506 anno
251 468 342 505 455.
380 463 503 515 cujus
539 475 602 503 lv,
634 474 690 502 ex
726 460 859 501 Lucio
896 459 983 498 filio

103 535 282 582 nepotes
301 527 477 569 fuerunt
501 541 545 569 v.
569 527 726 569 Cueius
745 532 791 565 et
806 523 985 563 Publius

103 594 340 646 Scipiones.
381 591 574 645 Uterque
594 589 778 639 Cousu13
809 587 986 635 Cneius,

106 657 267 698 Calvus
286 655 415 707 vulgo
430 655 587 705 dictus,
607 664 716 693 anno
733 655 828 692 531.
870 649 985 689 Pub-

103 719 186 760 lius
208 723 304 760 535.
321 720 394 773 qui
414 719 467 760 ab
487 717 697 760 Annibale
717 715 770 755 ad
789 715 984 754 Ticinum

101 782 239 834 fusus,
273 782 530 836 Hispaniam
555 792 648 822 cum
678 778 812 819 fratre
839 779 984 829 legato

105 846 319 888 obtinuit:
348 845 402 886 ab
421 845 473 886 iis
493 844 546 884 ad
574 844 820 895 Illiturgum
849 841 985 882 Amil-

106 922 195 962 car,
212 911 363 965 Mago,
383 914 428 949 et
439 907 654 948 Asdrubal
675 906 776 947 victi
791 920 803 956 ;
819 905 983 951 *deinde

108 973 264 1014 Hanno
279 973 334 1014 ad
349 971 533 1014 lucibile
550 975 777 1023 superatus
793 984 804 1011 :
826 970 982 1011 iterum

1862 260 1932 311 43

1051 393 1183 444 Mago
1214 397 1258 431 et
1290 388 1522 437 Asdrubal,
1560 387 1739 439 primum
1768 388 1821 428 ad
1844 389 1934 428 Illi-

1051 463 1237 508 turgum,
1258 460 1347 495 tum
1368 452 1421 493 ad
1441 451 1662 501 Mundam,
1680 451 1866 504 denique
1882 451 1935 490 ad

1053 522 1274 572 Auringen
1293 517 1433 570 fugati
1450 532 1460 557 ι
1504 517 1576 556 sed
1610 516 1783 556 tandem
1816 517 1934 556 Pub-

1053 587 1132 625 lius
1153 585 1206 625 ad
1227 584 1410 625 lucibile
1436 583 1578 622 victus
1598 588 1642 620 et
1661 580 1827 620 occisus
1845 587 1908 619 est
1926 595 1938 629 ;

1055 657 1100 690 et
1120 650 1249 702 paulo
1269 654 1368 700 post
1387 646 1545 688 Cneius
1574 644 1704 684 etiam
1723 645 1862 684 victus
1893 645 1936 683 in

1055 716 1206 767 praelio
1227 715 1400 755 cecidit.
1457 712 1614 753 Cneius
1632 710 1766 750 filium
1786 709 1941 749 habuit

1054 790 1130 818 vr.·
1152 778 1470 830 P.Scipi0nem
1507 775 1724 826 Nasicam,
1757 773 1938 813 Publius

1053 854 1156 882 vero
1186 853 1249 881 vr.
1271 840 1474 880 Publium
1509 847 1554 879 et
1573 839 1755 878 Lucium
1773 838 1940 890 Scipio-

1052 920 1145 959 nes,
1160 919 1338 960 quorum
1356 906 1428 946 ille
1449 905 1740 956 Africani,hic
1759 903 1939 945 Asiatici

1051 982 1290 1025 cognomen
1310 970 1500 1011 victoriis
1519 970 1598 1011 sibi
1614 970 1804 1022 peperit.

571 1140 994 1195 SCIPIONES
1035 1136 1461 1193 AFRICANI.

162 1286 225 1316 vr.
264 1275 318 1316 P.
349 1276 504 1317 Sermo
535 1275 804 1316 Armmnus
841 1274 986 1327 Major

104 1344 278 1380 servato
292 1339 334 1380 in
364 1351 509 1395 pugna
521 1339 742 1380 Ticiueusi
762 1344 902 1392 patre,
915 1339 986 1379 de·

105 1413 286 1455 cemque
300 1403 585 1443 Romanorum
598 1403 784 1444 millibus
799 1415 853 1443 ex
863 1403 987 1443 clade

106 1465 324 1506 Cannensi
344 1466 573 1507 Canusium
601 1467 837 1519 perductis,
854 1467 986 1507 etiam

103 1533 196 1569 tum
215 1528 466 1571 adolescens
495 1530 538 1570 in
556 1530 811 1584 Hispaniam
833 1530 985 1571 missus

105 1596 194 1633 est:
225 1604 379 1634 novam
405 1594 713 1646 Carthaginem
738 1595 871 1647 cepit,
902 1594 984 1635 As-

106 1654 328 1698 drubalem
356 1663 404 1698 et
421 1658 653 1710 Magonem
684 1660 817 1699 semel
854 1664 985 1712 atque

105 1718 262 1760 iterum
277 1721 416 1762 victos
437 1721 650 1775 Hispania
668 1723 861 1775 expulit:
894 1730 984 1764 tum

106 1783 151 1823 in
170 1781 323 1824 Africa
354 1785 534 1838 primum
563 1787 810 1840 Syphacem
841 1793 887 1828 et
906 1787 985 1828 As-

107 1846 345 1900 drubalem‚
366 1849 522 1890 deinde
554 1850 695 1903 ipsum
711 1850 985 1903 Annibalem,

107 1910 295 1964 denique
323 1913 574 1954 Verminam
609 1914 817 1967 Syphacis
852 1914 986 1954 filium

106 1973 231 2026 vicit;
250 1975 370 2028 leges
385 1975 506 2028 pacis
518 1982 564 2017 et
578 1977 989 2030 Carthaginensibus

104 2036 366 2091 Imperator,
384 2046 430 2080 et
459 2040 676 2094 aliquanto
705 2046 804 2094 post
835 2041 989 2083 Antio-

108 2100 187 2142 cho
218 2101 365 2144 fratris
395 2105 563 2157 legatus
590 2107 885 2158 praescripsit;
912 2108 989 2148 sed

110 2165 283 2206 taudem
318 2172 414 2218 post
445 2173 511 2208 tot
542 2168 586 2207 in
619 2169 802 2221 patriam
834 2171 991 2211 merita

109 2228 176 2268 vir
194 2228 266 2269 ille
298 2229 463 2283 duplici
486 2232 727 2273 Consulatu
755 2245 865 2273 anno
895 2238 989 2276 548.

108 2297 155 2333 et
168 2296 262 2334 559.
297 2294 504 2347 Censura,
520 2295 704 2335 Senatus
723 2296 989 2349 principatu,

107 2355 302 2398 victoriis
348 2363 395 2399 et
450 2359 665 2411 triumpho
709 2361 854 2400 aetatis
900 2373 989 2402 suae

106 2420 234 2473 longe
261 2422 537 2475 clarissimus,
561 2423 728 2463 Literni
746 2424 849 2464 exul
869 2424 990 2465 obiit.

109 2484 177 2525 Ex
204 2485 377 2526 AEmilia
394 2486 442 2528 L.
462 2486 606 2538 Pauli,
636 2487 708 2540 qui
742 2488 794 2527 ad
819 2488 989 2529 Cannas

109 2548 288 2601 cecidit,
319 2549 409 2590 filia
436 2551 586 2603 genuit
622 2562 706 2592 vn.
738 2551 845 2591 duas
885 2553 991 2593 Cor-

110 2611 260 2664 nelias,
283 2625 461 2666 quarum
485 2615 624 2667 major
648 2615 839 2667 Scipioni
865 2617 992 2657 Nasi-

111 2687 173 2715 cae
191 2676 270 2716 viri
287 2678 441 2729 optimi
468 2678 573 2730 filio,
603 2679 741 2719 altera
769 2679 837 2720 Ti.
857 2680 992 2721 Grac-

110 2738 189 2779 cho
207 2741 371 2793 nupsit,
389 2746 436 2782 et
453 2742 506 2783 P.
526 2743 788 2795 Scipionem,
803 2745 991 2798 (1111031)-

110 2807 180 2843 tus
199 2803 256 2844 ab
275 2804 490 2846 Antiocho
506 2807 621 2858 patri
637 2808 772 2859 gratis
788 2808 992 2849 remissus

110 2872 191 2908 est.
247 2868 356 2909 Cum
382 2869 549 2911 infirma
579 2877 698 2912 esset
727 2873 993 2926 valetudine,

108 2929 337 2984 liberisque
355 2939 541 2985 careret,
572 2935 809 2976 Praetorius
837 2948 994 2989 cogua-

112 2996 204 3032 tum
241 3005 360 3033 suum
398 2995 624 3047 adoptavit
665 2998 715 3038 L.
748 2998 888 3048 Pauli,
921 3000 994 3051 qui

112 3053 282 3094 Persen
316 3055 439 3107 vicit,
476 3057 638 3099 filium:
702 3060 774 3112 qui
805 3072 907 3103 vm.
939 3063 991 3103 P.

110 3116 256 3170 Scipio
275 3117 525 3160 AEmilianus
551 3120 694 3162 dictus
716 3129 799 3176 est,
831 3125 898 3164 vir
917 3137 992 3179 pa-

113 3179 172 3220 tri
205 3192 372 3235 avoque
392 3181 548 3224 bellica
566 3185 694 3226 laude
722 3199 816 3239 par,
841 3188 991 3230 litera-

113 3253 206 3282 rum
223 3255 326 3284 vero
345 3245 638 3287 humaniorum
663 3248 847 3290 scientia
865 3251 993 3304 longe

115 3307 308 3359 superior
320 3308 438 3348 :duo
451 3311 638 3350 maxima
654 3312 766 3352 bella
783 3314 993 3367 confecit,

114 3366 324 3411 Punicum
351 3372 526 3413 tertium
569 3378 616 3414 et
653 3375 989 3419 Numantinum:

1053 1272 1211 1323 duplex
1249 1271 1502 1324 triumphus,
1534 1273 1644 1312 alter
1672 1272 1727 1312 de
1757 1271 1939 1312 Cartha-

1053 1335 1151 1387 gine
1181 1335 1328 1375 deleta
1363 1334 1575 1388 Africani,
1616 1336 1729 1376 alter
1761 1335 1815 1375 de
1849 1336 1940 1376 Nu-

1053 1400 1214 1440 mantia
1233 1411 1386 1439 eversa
1419 1400 1675 1440 Numantini
1703 1412 1941 1453 cognomen

1055 1464 1118 1504 illi
1138 1464 1262 1504 dedit
1281 1478 1291 1504 :
1323 1465 1520 1517 quamvis
1541 1465 1816 1505 Consulatum
1838 1477 1944 1503 nun-

1055 1541 1180 1581 quam
1201 1528 1395 1580 petierit,
1419 1529 1481 1568 bis
1510 1533 1651 1568 tamen
1674 1529 1832 1568 Consul
1853 1526 1941 1567 fac-

1054 1598 1122 1633 tus
1143 1597 1226 1643 est,
1242 1593 1379 1632 semel
1400 1599 1501 1632 ante
1521 1598 1698 1633 aetatem
1714 1604 1827 1631 anno
1845 1595 1942 1632 606.

1053 1657 1208 1697 iterum
1259 1655 1414 1696 absens
1454 1655 1588 1696 etiam
1628 1660 1793 1709 praeter
1823 1656 1942 1707 leges

1055 1733 1167 1761 311110
1185 1724 1281 1761 619.
1316 1726 1363 1760 et
1382 1725 1484 1759 ante
1513 1719 1745 1760 secundum
1781 1718 1944 1759 Consu-

1054 1786 1190 1825 latum
1225 1785 1404 1825 Censor.
1452 1784 1634 1823 Tristior
1662 1783 1778 1822 illius
1817 1794 1941 1835 quam

1055 1847 1249 1888 Africani
1282 1847 1465 1899 Majoris
1494 1848 1639 1888 exitus
1678 1845 1788 1897 fuit3
1846 1859 1945 1886 cum

1056 1914 1169 1954 enim
1207 1914 1256 1954 C.
1278 1913 1470 1953 Gracchi
1500 1912 1727 1953 conatibus
1763 1912 1946 1952 obsiste-

1056 1984 1141 2029 ret,
1156 1977 1247 2017 sive
1269 1976 1319 2016 C.
1343 1976 1571 2028 Carbonis,
1602 1977 1691 2017 sive
1722 1977 1787 2017 M.
1806 1976 1948 2017 Fulvii

1056 2043 1220 2094 Flacci,
1248 2042 1339 2082 sive
1373 2045 1521 2082 uxoris
1542 2055 1628 2082 suae
1666 2041 1947 2094 Semproniae,

1058 2119 1153 2159 quae
1173 2105 1470 2147 Gracchorum
1488 2119 1606 2146 soror
1625 2112 1737 2157 erat,
1752 2106 1950 2155 crimine,

1059 2176 1108 2210 ut
1127 2176 1218 2210 tum
1240 2169 1452 2210 creditum
1482 2176 1563 2223 est,
1581 2176 1712 2211 noctu
1738 2170 1854 2210 domi
1872 2181 1947 2209 ne-

1060 2239 1181 2274 catus
1197 2240 1278 2275 est.

1111 2297 1323 2350 Scipionis
1341 2296 1558 2338 AEmiliani
1583 2308 1722 2336 mores
1755 2295 1818 2335 bis
1850 2308 1947 2335 ver-

1058 2358 1123 2399 bis
1145 2360 1376 2414 descripsit
1393 2360 1586 2401 Velleius
1600 2359 1676 2400 lib.
1691 2371 1744 2399 11.
1763 2362 1775 2380 ‘
1791 2359 1844 2399 P.
1857 2359 1949 2399 Sci·

1059 2423 1131 2474 pio
1150 2424 1404 2464 AEmilianus
1425 2423 1488 2463 vir
1507 2423 1634 2463 avitis
1661 2422 1714 2462 P.
1736 2420 1951 2473 Africani,

1059 2489 1333 2542 paternisque
1353 2489 1404 2528 L.
1425 2487 1553 2527 Pauli
1569 2486 1802 2527 virtutibus
1818 2486 1950 2526 simil-

1060 2552 1203 2604 limus,
1221 2554 1416 2594 omnibus
1434 2554 1539 2594 belli
1559 2566 1609 2594 30
1629 2558 1739 2605 togae
1760 2553 1951 2601 dotibus,

1060 2614 1221 2667 ingenii
1250 2629 1300 2657 ac
1327 2617 1564 2657 studiorum
1585 2616 1950 2657 eminentissimus

1061 2681 1210 2720 saeculi
1228 2696 1239 2720 ι
1271 2682 1342 2734 (1111
1362 2681 1466 2721 nihil
1496 2682 1539 2720 in
1560 2681 1651 2721 vita
1669 2680 1751 2720 nisi
1770 2680 1950 2720 laudan-

1060 2741 1161 2783 dum
1181 2749 1257 2784 aut
1285 2743 1412 2796 fecit,
1446 2749 1521 2784 aut
1542 2744 1669 2796 dixit,
1693 2748 1768 2784 aut
1787 2743 1950 2783 sensit:

1061 2810 1151 2845 tam
1186 2808 1359 2859 elegans
1404 2807 1647 2847 liberalium
1695 2807 1952 2855 studiorum,

1065 2870 1289 2924 omnisque
1318 2871 1528 2911 doctrinae
1563 2876 1607 2911 et
1629 2877 1782 2911 auctor
1810 2877 1854 2910 et
1878 2870 1950 2908 ad-

1063 2934 1242 2975 mirator
1274 2933 1375 2987 fuit,
1402 2943 1451 2975 ut
1479 2935 1711 2987 Polybium
1733 2941 1779 2974 et
1804 2936 1950 2974 Panae-

1064 2998 1171 3038 tium
1192 3000 1493 3051 praecellentes
1512 2999 1685 3051 ingenio
1706 3000 1817 3038 viros
1835 2997 1950 3037 dorni

1061 3061 1314 3115 militiaeque
1351 3075 1499 3103 secum
1531 3063 1759 3103 habuerit:
1807 3074 1947 3114 neque

1061 3126 1173 3165 enim
1195 3124 1420 3179 quisquam
1438 3127 1519 3167 hoc
1548 3126 1747 3178 Scipione
1778 3125 1946 3176 elegan-

1062 3188 1145 3228 tius
1161 3189 1392 3230 intervalla
1407 3189 1677 3240 negotiorum
1699 3187 1949 3238 dispunxit;

1061 3264 1234 3304 semper
1254 3253 1369 3292 inter
1390 3266 1506 3292 arma
1523 3257 1568 3291 et
1581 3251 1721 3290 studia
1739 3255 1950 3303 versatus,

1062 3322 1136 3355 aut
1155 3329 1314 3369 corpus
1335 3317 1553 3368 periculis,
1573 3321 1647 3356 aut
1663 3315 1849 3355 animum
1865 3315 1950 3356 dis·

1062 3380 1234 3432 ciplinis
1253 3381 1477 3421 exercuit.’
