2242 3958
332 283 402 334 54

325 421 491 463 nuerat‚
521 420 608 454 tres
630 415 692 454 illi
726 415 980 467 superstites
1011 415 1209 465 fuerunt,

327 478 625 528 Germanicus,
654 480 792 528 Livia,
821 492 894 518 seu
923 479 1093 528 Livilla,
1114 491 1209 530 quae

324 542 472 581 Druso
505 542 670 581 Tiberii
702 542 789 582 filio
823 542 982 594 nupsit,
1008 547 1054 581 et
1086 542 1211 582 Clau·

325 604 420 643 dius
441 609 596 656 postea
615 606 874 658 Imperator,
890 606 943 645 de
973 617 1057 658 quo
1078 606 1206 657 paulo

328 674 439 718 post.

377 731 658 772 Germanicus
670 731 832 783 duplici
853 732 1084 772 Consulatu
1098 743 1206 771 anno

321 798 416 834 766.
440 801 494 836 ¹et
522 800 616 836 770.
647 796 862 846 triumpho
891 795 945 835 de
979 796 1205 835 Cheruscis

322 859 480 910 clarus,
511 859 586 899 sed
617 858 782 897 eximiis
813 857 1038 898 virtutibus
1067 859 1202 897 multo

319 921 485 971 clarior,
530 934 553 960 e
596 922 843 968 Germania,
891 921 965 960 ubi
1015 922 1201 961 maxima

320 985 434 1023 bella
464 983 653 1024 feliciter
681 985 949 1034 confecerat,
982 998 1007 1025 a
1031 985 1203 1025 Tiberio

320 1047 361 1085 in
386 1047 611 1087 Orientem
642 1048 807 1096 missus,
830 1049 910 1088 Cn.
941 1047 1126 1099 Pisonis,
1155 1055 1205 1088 ut

320 1116 410 1149 tum
432 1112 560 1162 vulgo
582 1111 793 1151 creditum
824 1118 905 1162 est,
934 1112 1096 1151 scelere
1115 1110 1205 1151 An-

318 1173 488 1221 tiochiae
502 1174 639 1226 Syria*
657 1175 936 1227 extinguitur.
967 1176 1035 1214 Ex
1049 1175 1204 1226 Agrip·-

323 1237 425 1287 pina
454 1238 518 1278 M.
540 1237 748 1290 Agrippae
778 1244 823 1278 et
850 1239 979 1280 Juliae
998 1237 1085 1277 filia
1115 1245 1202 1279 tres

318 1299 533 1352 foeminas,
554 1302 821 1353 totidemque
841 1313 981 1341 mares
1000 1303 1202 1342 sustulit:

318 1362 420 1403 filiae
439 1364 615 1405 fuerunt
628 1364 888 1418 Agrippina,
918 1367 1102 1407 Neronis
1120 1367 1203 1406 Im-

318 1430 530 1480 peratoris
567 1442 622 1470 ex
657 1430 847 1469 Domitio
883 1436 1049 1479 mater3
1090 1432 1203 1470 Dru-

318 1493 429 1542 silla,
457 1493 606 1533 Cassio
638 1493 850 1544 Longino,
881 1499 924 1532 et
954 1493 1109 1532 Livilla
1137 1494 1200 1534 M.

316 1555 489 1595 Vinicio
522 1562 680 1607 nupta:
711 1555 787 1595 filii
808 1569 908 1596 vero
930 1557 1065 1606 Nero,
1087 1553 1202 1596 Dni-

317 1631 403 1670 suS,
433 1625 479 1659 et
508 1619 652 1669 Caius,
678 1621 806 1672 vulgo
827 1620 1021 1671 Caligula
1047 1620 1202 1660 dictus.

317 1683 436 1722 Nero
469 1682 627 1723 Juliam
659 1682 820 1722 Tiberii
850 1694 903 1721 ex
935 1683 1076 1723 Druso
1113 1683 1202 1723 filio

317 1751 522 1798 neptem,
552 1747 719 1786 Drusus
749 1746 959 1785 AEmiliam
994 1746 1202 1797 Lepidam

316 1821 496 1849 uxorem
515 1810 661 1850 duxit:
694 1809 770 1849 sed
791 1818 973 1861 uterque
988 1809 1079 1848 sine
1095 1809 1203 1848 libe-

316 1873 374 1913 ris
394 1886 418 1913 a
437 1873 610 1914 Tiberio
631 1873 739 1913 alius
770 1873 853 1912 alio
874 1878 1069 1924 tempore
1088 1871 1200 1912 fame

316 1943 495 1977 necatus
513 1943 595 1976 est.

367 2000 616 2051 Singulares
638 1998 884 2039 Germanici
905 1998 1087 2039 virtutes
1106 2011 1199 2050 per-

317 2065 513 2115 sequitur
543 2064 719 2103 Tacitus
749 2062 904 2103 Annal.
938 2075 989 2103 11.
1018 2075 1115 2114 cap.
1134 2066 1201 2103 72.

314 2126 580 2167 ‘Indoluere
618 2132 779 2167 exterae
818 2126 1014 2165 nationes
1057 2138 1199 2177 reges-

315 2201 430 2241 que:
477 2195 598 2229 tanta
635 2188 699 2228 illi
745 2189 925 2228 comitas
971 2188 1014 2227 in
1054 2189 1206 2236 socios,

315 2253 602 2292 mansuetudo
642 2253 685 2291 in
721 2251 898 2291 hostes:
942 2251 1121 2304 visuque
1160 2256 1206 2290 et

315 2317 467 2356 auditu
502 2317 629 2367 juxta
659 2315 936 2365 venerabilis,
964 2328 1060 2354 cum
1093 2327 1206 2365 mag-

315 2380 556 2420 nitudinem
578 2386 623 2420 et
645 2380 906 2432 gravitatem
927 2391 1101 2418 summae
1118 2376 1204 2418 for-

316 2449 433 2483 tunae
457 2445 686 2495 retineret,
711 2443 914 2483 invidiam
934 2449 979 2482 et
1006 2454 1205 2493 arrogan-

318 2509 421 2547 tiam
460 2506 694 2560 effugerat.
751 2508 811 2547 Et
849 2513 974 2547 erant
1010 2506 1081 2558 qui
1119 2505 1204 2545 for-

316 2579 447 2621 mam,
470 2577 663 2620 aetatem,
683 2583 816 2623 genus
845 2570 1011 2620 mortis,
1032 2569 1086 2609 ob
1107 2581 1204 2620 pro-

315 2635 604 2685 pinquitatem
623 2635 750 2674 etiam
769 2636 977 2683 locorum,
992 2634 1033 2671 in
1051 2632 1203 2684 quibus

314 2698 498 2748 interiit,
518 2698 666 2748 Magni
695 2695 934 2736 Alexandri
965 2695 1067 2735 fatis
1087 2695 1198 2734 adae-

316 2769 529 2812 quarent3
561 2773 656 2800 nam
679 2766 907 2812 utrumque
932 2771 1110 2810 corpore
1130 2759 1204 2798 de-

316 2837 436 2875 cor0,
470 2837 626 2876 genere
663 2824 836 2875 insigni,
875 2823 984 2862 haud
1025 2823 1203 2862 multum

317 2888 498 2939 triginta
519 2900 649 2927 annos
678 2898 919 2937 egressum,
948 2897 1120 2926 suorum
1141 2888 1202 2926 in-

315 2951 434 2990 sidiis
453 2957 655 2991 externas
670 2950 785 2989 inter
801 2957 953 3001 gentes
967 2950 1174 2990 occidisse
1190 2963 1201 2999 ;

316 3014 392 3054 sed
407 3015 528 3054 ‘hunc
559 3014 707 3052 mitem
738 3024 844 3063 erga
875 3013 1050 3063 amicos,
1069 3012 1202 3052 modi-

316 3080 412 3118 cum
431 3079 695 3129 voluptatum
711 3087 794 3115 uno
813 3076 1097 3126 matrimonio,
1111 3087 1203 3115 cer-

317 3143 373 3180 tis
395 3141 542 3194 liberis
563 3140 728 3191 egisse:
759 3151 898 3191 neque
931 3139 1068 3179 minus
1088 3151 1199 3190 prae-

316 3206 533 3254 liatorem,
561 3204 728 3244 etiamsi
759 3204 981 3244 temeritas
1001 3202 1200 3255 abfuerit,

317 3270 665 3321 praepeditusque
687 3269 743 3308 sit
770 3268 988 3319 perculsas
1021 3273 1086 3306 tot
1115 3267 1200 3305 vic-

317 3333 438 3372 toriis
482 3331 738 3373 Germanias
777 3331 952 3371 servitio
990 3341 1198 3382 premere.

317 3396 442 3438 Quod
474 3396 507 3434 si
538 3397 649 3434 solus
681 3394 844 3434 arbiter
871 3406 1030 3444 rerum,
1052 3393 1200 3444 sijure

318 3465 363 3498 et
382 3458 550 3497 nomine
581 3458 697 3508 regio
726 3455 899 3507 fuisset,
921 3462 1042 3496 tanto
1062 3466 1200 3506 prom-

317 3524 402 3562 tius
430 3527 721 3562 assecuturum
757 3520 932 3571 gloriam
956 3519 1199 3570 militarem,

979 298 1057 336 nu
1094 287 1502 334 ROMANoRUM

1273 421 1476 467 quantum
1497 414 1741 466 clementia,
1763 415 2067 468 temperantia,
2084 427 2153 457 ce-

1274 480 1374 519 teris
1395 479 1513 518 bonis
1533 477 1696 518 artibus
1716 477 2018 530 praestitisset?

1328 542 1455 582 Caius
1475 543 1621 582 Caesar
1641 553 1666 580 a
1684 540 1860 580 militari
1885 541 2149 580 calceamen-

1274 610 1319 645 to
1339 605 1534 656 Caligula
1553 604 1712 654 dictus,
1747 603 2006 644 Germanico
2025 608 2071 642 et
2091 602 2150 642 A·

1272 669 1470 719 grippina
1506 667 1692 719 genitus,
1721 665 1895 706 Tiberio
1926 665 2149 706 successit.

1271 732 1480 783 Princeps
1496 730 1766 780 crudelitate,
1776 728 1968 781 libidine,
1981 735 2028 770 et
2039 731 2148 768 'mul-

1270 795 1325 835 tis
1347 795 1458 834 vitiis
1479 793 1648 834 infamis
1667 806 1679 842 ;
1703 798 1801 844 post
1821 791 2050 832 exhaustas
2070 792 2147 831 im·

1270 870 1437 898 mensas
1471 869 1593 909 opes,
1635 869 1730 896 cum
1765 859 2036 905 grassaretur
2073 866 2152 906 per

1268 922 1462 961 ordinum
1524 921 1710 960 omnium
1768 919 1926 971 caedes,
1979 922 2025 957 et
2073 930 2153 970 pro

1268 987 1366 1025 Deo
1395 985 1478 1025 coli
1509 996 1554 1024 se
1587 990 1679 1024 toto
1707 983 1811 1022 orbe
1842 988 2053 1022 terrarum
2074 981 2149 1032 ju-

1267 1048 1405 1099 beret,
1423 1061 1447 1088 a
1467 1048 1658 1098 Chaerea,
1686 1046 1868 1097 aliisque
1887 1041 2148 1085 interfectus

1269 1116 1353 1151 est.

1324 1171 1526 1213 Claudius
1543 1173 1659 1212 Nero
1674 1171 1767 1211 Caii
1786 1173 1965 1222 patruus
1980 1174 2025 1209 et
2041 1168 2149 1210 Ger-

1268 1235 1423 1275 manici
1459 1234 1612 1284 frater,
1650 1242 1748 1286 post
1775 1234 1925 1274 Caium
1958 1233 2148 1285 Imperio

1268 1297 1469 1351 praefuit3
1497 1299 1622 1338 homo
1660 1304 1816 1338 natura
1852 1297 2024 1338 minime
2058 1310 2147 1337 mau

1268 1362 1352 1412 lus,
1371 1361 1445 1401 sed
1466 1373 1615 1401 vecors
1634 1373 1684 1401 ac
1700 1360 1898 1411 stolidus,
1914 1359 1989 1414 qui
2007 1360 2153 1400 omnia

1269 1438 1347 1477 pro
1383 1425 1636 1464 libertorum
1667 1428 1715 1463 et
1730 1435 1951 1464 servorum
1969 1422 2149 1463 libidine

1269 1487 1432 1540 gessit:
1469 1487 1736 1527 Britanniam
1770 1487 1951 1538 domuit,
1987 1487 2149 1527 Messa-

1268 1553 1396 1592 linam
1413 1563 1590 1592 uxorem
1610 1551 1664 1590 ob
1681 1556 1831 1602 stupra
1843 1548 2148 1601 necariJussit,

1267 1615 1486 1667 ductaque
1517 1613 1760 1666 Agrippina
1780 1619 1927 1665 nepte,
1951 1612 2064 1652 illius
2093 1624 2148 1652 ex

1267 1677 1462 1718 Domitio
1493 1676 1626 1716 filium
1656 1677 1891 1728 Neronem,
1924 1676 2149 1727 praeterito

1266 1740 1353 1780 filio
1372 1741 1626 1781 Britannico
1645 1739 1722 1779 sibi
1743 1751 2032 1779 successorem
2051 1738 2148 1779 dese·

1267 1806 1452 1854 tina'vit3
1472 1810 1516 1844 et
1539 1805 1666 1856 paulo
1697 1810 1795 1855 post
1822 1801 1989 1843 veneno
2007 1802 2147 1842 subla-

1268 1874 1336 1909 tus
1363 1875 1446 1918 est,
1478 1880 1572 1908 cum
1603 1866 1902 1907 Britannicum
1934 1873 1980 1906 et
2011 1867 2148 1907 Octa·-

1267 1932 1375 1971 viam
1397 1942 1452 1970 ex
1471 1931 1707 1970 Messalina
1727 1931 1878 1970 liberos
1897 1930 2091 1970 haberet.

1318 1994 1532 2034 Domitius
1557 1996 1676 2034 Nero
1706 2007 1731 2034 a
1760 1994 1942 2034 Claudio
1961 1993 2144 2046 adopta-

1267 2063 1336 2098 tus
1357 2058 1479 2097 initio
1500 2056 1562 2097 sic
1594 2057 1729 2108 gessit
1747 2057 1998 2108 Imperium,
2015 2063 2063 2096 ut
2084 2058 2147 2096 in-

1272 2128 1342 2161 ter
1362 2121 1496 2160 bonos
1515 2120 1743 2172 Principes
1762 2120 1912 2160 haberi
1928 2120 2119 2171 potuerit
2137 2133 2150 2160 ε

1266 2191 1366 2236 post
1389 2184 1532 2223 aetatis
1552 2184 1729 2223 licentia
1749 2190 1974 2236 corruptus
2001 2182 2044 2223 in
2065 2196 2153 2224 om-

1266 2250 1337 2288 nia
1357 2248 1517 2299 probra
1532 2259 1582 2287 ac
1603 2248 1820 2288 dedecora
1838 2248 1951 2298 ruit;
1969 2255 2148 2289 matrem

1267 2310 1576 2363 Agrippinam,
1623 2322 1775 2350 uxores
1830 2311 2058 2351 Octaviam
2104 2319 2150 2351 et

1269 2375 1524 2425 Poppaeam,
1567 2373 1774 2413 Senecam
1814 2374 2153 2426 Praeceptorem,

1269 2437 1463 2488 aliosque
1501 2440 1758 2488 cognatione
1789 2438 2003 2488 proximos
2024 2451 2150 2478 neca-

1268 2501 1355 2541 vit:
1378 2506 1467 2539 tum
1486 2500 1647 2556 invisus
1668 2501 1861 2540 omnibus
1881 2513 1975 2540 cum
2003 2502 2055 2540 ad
2078 2515 2149 2541 ne-

1269 2575 1365 2604 cem
1385 2570 1664 2615 quaereretur,
1697 2564 1740 2603 in
1770 2571 1907 2604 semet
1935 2565 2149 2605 carnificis

1269 2626 1454 2667 officium
1475 2627 1719 2678 occupavit.

1325 2691 1531 2732 Quamvis
1546 2690 1662 2742 apud
1671 2691 1890 2730 Valerium
1910 2691 2147 2731 Maximum

1266 2757 1384 2796 nulla
1417 2755 1525 2806 Caii,
1548 2754 1730 2806 Claudii,
1757 2761 1804 2795 et
1823 2755 2010 2795 Neronis
2029 2768 2147 2795 men-

1267 2820 1330 2860 tio
1350 2820 1427 2869 sit;
1467 2830 1561 2859 cum
1593 2826 1736 2858 tamen
1769 2823 1814 2858 et
1839 2819 1983 2858 Romae
2004 2831 2148 2859 rerum

1267 2882 1395 2934 potiti
1415 2882 1516 2932 sint,
1537 2881 1655 2921 etad
1678 2887 1852 2932 gentem
1871 2882 2031 2923 Juliam
2051 2893 2148 2934 per-

1269 2947 1454 2996 tineant,
1472 2957 1555 2985 non
1586 2944 1767 2985 alienum
1798 2942 1893 2984 fore
1921 2945 2087 2996 putavi,
2111 2946 2146 2984 si

1265 3011 1318 3050 de
1337 3010 1429 3049 aliis
1456 3010 1549 3048 haec
1571 3020 1707 3059 panca
1727 3008 1947 3060 adderem,
1966 3020 2144 3061 quorum

1265 3074 1392 3113 etiam
1429 3071 1609 3122 effigiem
1658 3084 1683 3110 a
1715 3072 1922 3112 Suetonio
1964 3083 2139 3123 expres·

1262 3149 1352 3176 sam
1382 3136 1452 3175 hie
1488 3134 1702 3186 subjicere
1734 3135 1904 3174 libitum
1936 3141 2032 3184 θεῖς
2063 3135 2146 3186 pri·

1264 3213 1379 3240 mum
1402 3199 1511 3250 Caii,
1531 3199 1687 3238 deinde
1705 3199 1888 3248 Claudii,
1903 3205 1991 3239 tum
2006 3200 2144 3240 Nero-

1261 3264 1342 3303 nis.

1316 3327 1329 3348 ‘
1352 3324 1480 3365 Caius
1519 3329 1684 3364 statura
1719 3321 1804 3363 fuit
1840 3323 2045 3364 eminenti
2074 3336 2144 3364 ex-

1262 3390 1425 3442 pallido
1444 3389 1606 3437 colore,
1637 3389 1817 3440 corpo're
1850 3389 2030 3439 enormi,
2051 3401 2143 3439 gra-

1266 3454 1432 3494 cilitate
1463 3453 1648 3491 maxima
1678 3452 1858 3492 cervicis
1892 3459 1936 3493 et
1955 3464 2143 3501 crurum,

1263 3522 1307 3556 et
1351 3515 1485 3557 oculis
1535 3523 1581 3555 et
1620 3515 1882 3568 temporibus
1927 3516 2142 3565 concavis,
2184 3525 2189 3533 ·
