2294 3990
387 272 459 325 94

385 409 478 450 haec
506 410 591 450 duo
614 410 798 450 maxime
825 411 1088 451 intererant:
1117 423 1262 463 unum,

385 473 500 525 quod
542 473 663 524 socii,
692 474 727 513 si
763 472 1025 514 frumentum
1056 474 1262 526 excipias,

384 536 517 587 gratis
544 533 805 585 militareni:;
844 535 1120 575 auxiliaribus
1159 549 1262 578 vero

386 598 519 649 copiis
556 599 769 650 stipendia
799 603 846 638 ut
865 598 1092 649 plurimum
1125 600 1260 640 solve-

387 666 564 702 rentur:
593 662 790 708 alterum‚
807 661 921 713 qnod
939 661 1059 713 socii,
1077 667 1120 701 et
1141 662 1184 701 in
1202 663 1262 703 le·

385 724 530 773 giones
550 724 661 764 haud
683 725 808 763 aliter
828 735 878 763 ac
897 724 1081 764 Romani
1107 725 1264 766 descri-

386 787 606 838 berentur,
643 793 688 826 et
730 787 915 826 militare
950 794 1264 829 sacramentum

384 842 659 899 emitterent;
689 850 846 888 auxilia
863 862 946 890 non
960 851 1080 892 item.
1137 852 1264 893 Post-

385 925 513 964 quam
532 925 641 952 anno
659 916 752 953 663.
773 914 851 953 sub
875 914 1004 954 finem
1024 915 1127 955 belli
1145 917 1263 956 Mar-

387 976 464 1015 sici
484 976 692 1016 universae
721 976 861 1017 Italiae
894 978 1046 1019 civitas
1074 980 1167 1031 lege
1186 980 1265 1021 Ju-

1035 295 1114 334 DE
1156 295 1557 338 ROMANORUM

1331 413 1388 454 lia
1407 414 1509 456 data
1528 421 1623 467 est3
1651 421 1756 469 tum,
1775 422 1820 458 et
1844 419 1959 461 Socii
1992 420 2036 462 in
2053 419 2214 467 Roma?

1330 488 1408 517 nas
1427 478 1630 531 legiones,
1662 485 1708 520 et
1726 479 1968 524 Auxiliares
1987 485 2030 525 in
2060 487 2209 529 Socio-

1331 552 1422 580 rum
1443 542 1581 582 locum
1602 543 1758 584 ascribi
1774 546 1905 597 coepti
1924 553 2037 588 sunt.
2094 552 2217 593 Quae'

1330 602 1385 643 de
1398 604 1578 645 militum
1594 607 1878 648 Romanorum
1893 610 2064 664 delectu
2080 615 2209 665 paulo

1330 673 1432 708 ante
1446 670 1644 722 diximus,
1659 672 1810 712 eadem
1834 673 1888 713 de
1901 674 2040 716 Sociis
2052 675 2209 729 dicito}

1330 732 1480 772 eadem
1501 735 1612 774 enim
1633 734 1723 776 fere
1753 737 1933 788 ratione,
1963 751 2049 792 qua
2067 753 2092 782 a
2109 742 2207 782 Tri-

1329 794 1452 835 bunis
1471 797 1724 838 militaribus
1753 801 1951 852 Romani,
1969 815 1995 842 a
2011 803 2097 843 suis
2115 804 2211 844 Ma·

1333 858 1583 909 gistratibus
1614 862 1738 913 jussu
1783 864 1964 904 Romani
2012 866 2211 908 Consulis

1331 922 1599 974 legebantur.

497 1133 606 1188 DE
643 1134 1018 1204 LEGIONE,
1058 1139 1460 1208 COHORTE,
1500 1143 1952 1211 MANIPULO,
1989 1149 2088 1201 &a

439 1260 588 1300 Lemo
609 1266 732 1301 certa
758 1262 952 1313 peditum
985 1264 1263 1318 equitumque

383 1335 530 1363 manus
549 1322 658 1373 fuit3
689 1324 853 1376 pedites
875 1326 918 1365 in
946 1326 1094 1367 decem
1114 1329 1262 1369 cohor-

384 1394 465 1438 tes,
487 1388 653 1439 equites
671 1388 713 1427 in
744 1387 923 1428 totidem
943 1394 1102 1430 tunnas
1122 1391 1262 1432 distri-

383 1452 504 1491 buti:
549 1452 700 1491 cohors
747 1458 833 1491 tres
866 1454 1104 1504 manipulos
1150 1466 1264 1494 com-

384 1516 514 1566 plexa
541 1520 620 1566 est,
639 1516 881 1568 manipulus
911 1516 1012 1556 duas
1032 1520 1264 1571 centurias,

384 1584 525 1617 turma
540 1583 629 1618 tres
645 1578 865 1619 decurias:
897 1580 1008 1619 unde
1024 1582 1136 1634 legio
1157 1595 1264 1622 sem-

384 1653 463 1692 per
486 1642 635 1682 habuit
663 1643 854 1694 peditnm
884 1645 1081 1684 cohortes
1102 1644 1265 1696 decem,

387 1704 566 1756 triginta
583 1706 839 1759 manipulos,
857 1706 1052 1747 decurias
1073 1708 1263 1761 sexagin-

1333 1272 1408 1316 ta3
1437 1267 1627 1320 equitum
1648 1269 1759 1309 alam
1787 1281 1932 1321 unam,
1959 1276 2119 1323 turmas
2139 1270 2212 1311 de-

1332 1342 1443 1381 cem,
1491 1331 1668 1383 triginta
1705 1332 1914 1373 decurias.
1982 1333 2213 1373 Peditibus

1333 1405 1408 1433 sex
1445 1394 1622 1445 Tribuni
1675 1400 1906 1446 praeerant‚
1940 1396 2213 1437 centuriones

1332 1457 1574 1509 sexaginta,
1601 1457 1775 1508 singulis
1799 1459 2003 1498 centuriis
2033 1459 2216 1511 singuli:

1333 1519 1550 1571 equitibus
1585 1520 1766 1571 triginta
1800 1521 2082 1573 decuriones;
2109 1535 2213 1575 qno-

1332 1593 1426 1621 rum
1462 1582 1533 1621 alii
1569 1588 1728 1622 turmas
1761 1583 1947 1635 singulas
1990 1585 2216 1638 regebant,

1332 1644 1567 1697 praefectus
1586 1647 1696 1686 alam
1718 1646 1944 1698 integram.

744 1859 963 1925 QUOT
1002 1860 1327 1915 MILITES
1367 1861 1460 1914 IN
1498 1859 1872 1914 LEGIONE.

443 1983 658 2026 Murrum
692 1998 907 2034 numerus,
947 1987 1036 2028 sive
1072 1987 1267 2039 peditum

387 2050 478 2090 sive
497 2050 702 2103 equitum,
733 2051 839 2090 alius
875 2052 966 2091 aliis
1003 2052 1267 2104 temporibus

384 2113 470 2154 fuit
487 2128 498 2154 :
529 2113 665 2166 Legio
677 2116 765 2165 jam
781 2115 880 2155 inde
901 2128 926 2156 a
944 2116 1124 2156 Romulo
1142 2117 1270 2157 trium

387 2178 563 2219 millium
577 2178 838 2230 peditum‚et
848 2183 1138 2220 trecentorum
1153 2179 1271 2232 equi-

389 2249 481 2282 tnm
510 2242 710 2282 instituta
741 2249 836 2292 est;
867 2255 921 2283 ex
951 2243 1129 2295 singulis
1158 2243 1271 2283 enim

392 2306 590 2346 tribubus
613 2307 847 2358 conscripti
870 2312 968 2346 sunt
987 2306 1157 2358 pedites
1176 2306 1270 2346 mil-

390 2371 446 2421 le,
467 2375 512 2410 et
530 2370 702 2410 centeni
720 2371 886 2423 equites
903 2385 913 2410 ε
944 2370 1119 2421 deinde,
1138 2369 1228 2410 sive
1247 2383 1272 2411 a

390 2433 572 2473 Romulo
604 2439 701 2485 post
731 2433 866 2473 victos
893 2434 1088 2486 Sabinos,
1107 2440 1155 2474 ut
1181 2434 1272 2474 vult

390 2496 648 2536 Plutarchus
666 2511 678 2546 ;
708 2497 811 2549 sive,
829 2502 877 2537 ut
901 2498 1088 2549 Lipsius,
1108 2510 1132 2538 a
1149 2498 1272 2538 Tullo

391 2559 596 2611 Hostilio,
615 2559 731 2600 mille
754 2561 922 2613 pedites
953 2561 1116 2602 additi:
1147 2574 1273 2602 exac-

391 2621 448 2663 tis
464 2628 583 2663 certe
603 2623 797 2676 Regibus
816 2625 929 2677 legio
958 2624 1149 2676 peditum
1172 2636 1272 2678 qua-

390 2691 488 2727 tuor
517 2687 695 2727 millium
729 2686 841 2728 fuit:
884 2694 1035 2739 postea
1066 2700 1169 2728 vero
1194 2700 1273 2740 pro

390 2750 574 2790 Senatus
590 2750 766 2791 arbitrio
778 2751 963 2804 bellique
978 2751 1273 2804 magnitudine

391 2812 436 2852 in
456 2813 637 2853 militum
655 2826 832 2854 numero
854 2813 1063 2854 variatum
1092 2820 1183 2855 est:
1213 2815 1276 2855 ita

393 2881 444 2916 ut
471 2876 599 2928 legio,
615 2877 741 2917 modo
769 2883 967 2930 quatuor,
998 2878 1125 2919 modo
1153 2879 1274 2932 quin-

394 2951 496 2992 que,
542 2939 669 2980 modo
705 2953 782 2980 sex
821 2941 1001 2981 millium
1049 2942 1273 2994 peditum3

394 3003 599 3056 itemque,
635 3004 762 3044 modo
808 3004 1104 3058 ducentorum,
1147 3006 1274 3046 modo

394 3072 688 3107 trecentorum
731 3068 923 3120 equitum
982 3068 1274 3110 scriberetur:

395 3130 557 3170 Volsco
589 3130 703 3170 enim
738 3130 852 3171 bello
882 3136 931 3171 ut
962 3131 1099 3171 tradit
1130 3131 1276 3172 Livius

397 3200 585 3247 quatuor
612 3195 804 3246 legiones
825 3194 1000 3246 scriptae
1021 3200 1276 3247 quaternum

397 3257 603 3307 millium3
632 3257 802 3298 Gallico
821 3263 1075 3310 quaternum
1099 3258 1277 3298 millium

398 3325 444 3360 et
463 3320 743 3361 ducentorum
761 3322 952 3374 peditum
970 3335 982 3372 ;
1012 3322 1167 3362 Latino
1193 3323 1277 3362 sin-

401 3384 510 3434 gulis
531 3385 774 3436 legionibus
807 3385 1002 3438 peditum
1030 3385 1160 3438 quina
1186 3386 1277 3425 mil-

398 3448 458 3487 lia
477 3447 594 3500 data,
614 3450 783 3502 equites
812 3449 992 3490 duceni:
1024 3448 1190 3488 Punico
1213 3460 1277 3488 se-

400 3511 542 3552 cundo
578 3518 623 3552 et
671 3513 969 3564 Macedonico,
1008 3512 1050 3552 in
1094 3511 1276 3564 gratiam

1334 1985 1531 2027 Africani
1547 1985 1728 2038 Maj0ris
1757 1991 1804 2026 et
1822 1983 1980 2025 AEmilii
2000 1986 2124 2027 Pauli
2141 2000 2216 2041 pe·

1336 2051 1471 2091 ditum
1510 2062 1613 2091 sena
1649 2050 1796 2100 millia,
1823 2049 1989 2102 equites
2023 2051 2217 2092 treceni:

1336 2116 1554 2168 aliquanto
1593 2120 1709 2167 post,
1754 2114 1884 2154 modo
1923 2111 1979 2154 ad
2017 2121 2218 2168 quatuor,

1337 2179 1464 2219 modo
1484 2180 1537 2218 ad
1557 2177 1742 2232 quinque
1773 2177 1905 2218 millia
1930 2178 2114 2220 reditum
2134 2185 2219 2232 est,

1339 2248 1453 2283 teste
1480 2242 1690 2295 Polybio;
1720 2241 1859 2282 donec
1888 2241 1936 2283 C.
1956 2240 2105 2294 Marii,
2131 2253 2219 2284 nou

1338 2306 1522 2346 Senatus
1557 2306 1738 2357 imperio
1772 2312 1923 2346 contra
1957 2306 2217 2358 ,Iugurtham

1338 2369 1528 2420 legiones
1554 2381 1630 2408 sex
1658 2367 1834 2408 millium
1862 2374 1910 2410 et
1936 2368 2220 2410 ducentorum

1340 2433 1534 2485 peditum
1553 2432 1680 2473 scribi
1686 2431 1833 2484 jussae.
1849 2433 1942 2473 Caii
1962 2438 2106 2474 tamen
2126 2434 2221 2475 ‹3ae-

1342 2497 1447 2537 saris
1485 2503 1616 2538 aetate
1652 2498 1842 2550 legiones
1884 2510 1967 2539 non
2011 2499 2220 2540 Marianis

1341 2560 1481 2612 modo,
1502 2560 1578 2601 sed
1607 2561 1859 2614 Polybianis
1885 2562 2016 2602 etiam
2044 2574 2222 2604 numero

1344 2622 1570 2664 inferiores
1607 2629 1744 2674 erant,
1771 2625 1956 2665 maxime
1988 2630 2223 2679 veteranae,

1342 2692 1392 2728 ut
1411 2693 1561 2728 auctor
1580 2693 1646 2728 est
1663 2687 1854 2729 Hircius.
1871 2687 1883 2696 '

1394 2750 1461 2789 Ex
1489 2751 1571 2802 his,
1591 2763 1688 2803 quae
1721 2750 1846 2791 modo
1873 2751 2072 2805 diximus,
2089 2752 2222 2794 cuivis

1342 2813 1544 2864 colligere
1569 2815 1689 2864 licet,
1708 2826 1790 2854 nec
1818 2820 2001 2867 certum,
2021 2827 2102 2857 nec
2135 2821 2223 2856 sta-

1342 2882 1434 2917 tum
1466 2888 1637 2929 semper
1669 2875 1798 2917 fuisse
1829 2877 1875 2918 in
1906 2878 2101 2930 singulis,
2132 2878 2224 2920 sive

1343 2939 1607 2991 cohortibus,
1637 2940 1728 2980 sive
1764 2939 1991 2992 manipulis
2027 2941 2223 2994 peditum
2254 2933 2259 2939 ’

1342 3016 1589 3054 numerum;
1618 3004 1692 3044 sed
1714 3016 1792 3057 pro
1807 3005 1926 3045 varia
1952 3005 2139 3058 legionis
2158 3019 2225 3047 ra-

1343 3066 1480 3118 tione,
1514 3067 1639 3108 modo
1672 3068 1893 3120 majorem,
1925 3068 2053 3109 modo
2089 3069 2224 3110 mino-

1345 3142 1451 3171 rem.
1498 3131 1613 3172 Dum
1633 3132 1744 3183 legio
1763 3134 1886 3172 4200.
1904 3131 2097 3184 peditum
2113 3131 2226 3183 fuit3

1345 3198 1435 3234 tum
1461 3195 1611 3235 cohors
1629 3197 1725 3236 420.
1752 3194 1991 3246 manipulus
2012 3198 2104 3236 140.
2125 3209 2225 3237 cen-

1346 3258 1461 3298 turia
1483 3262 1552 3299 70.
1580 3264 1689 3299 erat.
1718 3258 1825 3298 Cum
1857 3258 1972 3309 legio
1999 3262 2121 3299 5000.
2154 3272 2224 3300 co·

1345 3321 1445 3361 hors
1479 3325 1574 3362 500.
1605 3321 1844 3372 manipulus
1879 3323 1973 3361 167.
2011 3322 2222 3363 centuriae

1346 3388 1412 3425 83.
1464 3385 1511 3425 Si
1540 3385 1653 3437 legio
1671 3387 1794 3424 6000.
1815 3384 1966 3424 cohors
1985 3387 2080 3424 600.
2101 3385 2223 3437 pedi-

1348 3452 1438 3486 tum
1473 3446 1572 3500 fuit,
1607 3447 1845 3500 manipulus
1895 3450 1989 3490 200.
2026 3448 2224 3489 centuria

1349 3514 1441 3551 109.
