2294 3990
870 268 1350 318 'sAcERnorus.

209 400 411 454 Ogulniis
429 399 629 441 Tribunis
652 411 761 440 anno
782 402 878 439 454.
907 403 1091 452 quatuor

206 478 232 507 e
251 466 377 519 plebe
396 465 550 517 additi,
582 470 671 505 tum
692 477 717 504 a
737 464 785 504 L.
804 463 923 514 Sylla
942 463 1089 502 Dicta-

204 533 299 570 tore
319 541 431 569 anno
447 532 543 569 671.
559 533 741 580 septem.
783 526 911 567 Unde
927 526 1090 578 duplex

205 593 312 634 ordo
331 593 595 634 Pontificum
617 593 819 644 deinceps
838 589 967 630 fnisse
987 590 1090 630 dici-

205 661 308 707 ἴοι-ς
354 657 466 697 alter
517 663 728 707 veterum,
771 655 845 709 qui
882 655 1090 707 Majores‚

205 722 317 762 alter
335 722 645 771 recentiorum,
674 721 745 774 qui
776 720 969 760 Minores
997 718 1091 759 fue·

171 837 177 842 ³
205 790 309 826 runt
329 787 455 840 vulgo
472 786 724 839 nuncupati.
774 797 825 826 ιι.
870 786 1089 837 Cooptare

205 849 466 891 Pontificem
500 863 526 890 a
558 850 712 890 Numae
741 848 1006 900 temporibus
1035 849 1088 889 ad

206 926 364 954 annum
394 925 530 966 usque
554 916 648 954 649.
675 924 807 964 penes
827 911 1087 952 Pontificum

207 977 438 1030 collegium
457 976 568 1027 fuit;
599 975 757 1016 deinde
776 977 874 1029 lege
893 977 1090 1016 Domitia

204 1053 340 1094 penes
374 1041 605 1094 populum:
649 1053 775 1093 quam
807 1041 922 1081 haud
953 1042 1088 1082 multo

205 1110 306 1158 post
323 1117 350 1145 a
369 1106 418 1145 L.
437 1105 556 1158 Sylla
581 1117 690 1145 anno
708 1108 804 1145 671.
834 1105 1087 1157 abrogatam

205 1169 400 1211 restituit
426 1170 492 1210 Ti.
517 1169 732 1210 Labienus
750 1169 970 1210 Tribunus
989 1170 1089 1212 Ple-

202 1234 271 1277 bis
290 1247 403 1275 anno
420 1238 516 1276 690.
546 1234 686 1275 donec
714 1234 792 1276 sub
812 1234 1091 1287 Imperatori-

206 1299 285 1340 bus
319 1311 401 1340 nec
454 1299 636 1351 Collegii
677 1311 758 1339 nec
806 1299 970 1351 populi,
1015 1299 1089 1338 sed

202 1364 330 1404 nnius
377 1364 594 1416 Principis
638 1363 816 1403 arbitrio
853 1362 1091 1403 Pontifices

203 1426 291 1478 legi
309 1427 445 1479 coepti
463 1433 578 1467 sunt.
605 1439 679 1468 111.
717 1425 956 1467 Pontifices
976 1428 1091 1468 inter

204 1497 251 1531 et
270 1491 556 1543 Magistratus
586 1490 680 1531 haec
707 1491 892 1530 maxime
921 1491 1007 1530 tria
1026 1491 1088 1530 in-

202 1558 423 1594 tererant:
465 1567 608 1601 unum,
655 1554 772 1607 quod
807 1555 1090 1606 Magistratus

203 1618 335 1659 annui
370 1623 533 1670 essent,
578 1617 817 1658 Pontifices
857 1619 1085 1670 perpetui3

201 1682 402 1735 alterum,
430 1681 545 1735 quod
580 1683 865 1735 Magistratus
900 1684 954 1723 ad
988 1683 1086 1724 red-

203 1746 388 1787 dendam
407 1747 635 1800 rationem,
663 1749 752 1788 sive
774 1749 968 1801 Senatui,
997 1749 1088 1789 sive

202 1811 363 1863 populo
406 1817 676 1864 tenerentur,
715 1812 953 1854 Pontifices
1001 1826 1086 1854 non

201 1875 334 1915 item:
364 1878 540 1918 tertium
559 1878 762 1931 denique,
791 1880 903 1932 quod
923 1880 1087 1932 Magis-

200 1946 340 1982 tratus
389 1954 559 1994 semper
606 1944 676 1983 vel
713 1949 971 1994 potestatem
1019 1945 1089 1984 vel

201 2004 446 2058 imperium,
465 2006 702 2048 Pontifices
722 2020 867 2048 eorum
886 2011 1087 2049 neutrum

197 2068 424 2110 haberent.
461 2082 529 2111 lv.
575 2070 839 2112 Pontificum
869 2073 963 2113 haec
996 2085 1086 2113 mu-

199 2143 307 2172 nera
325 2131 474 2174 fuere:
494 2133 560 2174 'de
589 2135 730 2175 causis
764 2136 960 2175 omnibus
989 2148 1087 2188 quae

200 2197 255 2239 ad
276 2209 400 2238 sacra
420 2199 690 2251 pertinerent
703 2199 920 2252 judicare,
949 2201 991 2240 in
1010 2201 1086 2241 Sa-

200 2261 427 2303 cerdotum
477 2264 668 2303 omnium
721 2276 882 2314 moreS,
930 2263 1088 2316 officia,

199 2325 467 2367 caerimonias
510 2327 744 2380 inquirere,
802 2341 881 2380 pro
933 2329 1086 2369 delicti

198 2389 416 2440 gravitate
435 2391 779 2432 animadvertere
797 2392 841 2432 in
866 2404 983 2444 reos,
1010 2405 1085 2433 no-

199 2465 360 2507 vasque
389 2456 508 2508 leges
540 2456 596 2496 de
623 2457 757 2497 sacris
790 2469 870 2509 pro
903 2457 1085 2498 arbitrio

199 2518 409 2570 condere;
429 2520 494 2560 ita
506 2525 570 2573 ut,
587 2521 624 2561 si
637 2521 840 2562 Ciceroni
854 2523 1086 2576 credimus,

1159 399 1294 439 omnis
1326 395 1593 449 Reipublicae
1624 394 1827 447 dignitas,
1855 396 2043 436 omnium

1158 463 1290 512 salus,
1318 461 1513 511 libertam,
1555 471 1657 509 arae,
1693 457 1796 510 foci,
1841 458 1918 498 Dii
1957 459 2044 498 Pe-

1159 532 1298 576 nates,
1326 524 1530 575 fortunae,
1553 523 1770 564 domicilia
1788 523 1958 563 illorum
1979 536 2044 563 sa-

1160 591 1338 643 pientiae
1358 596 1404 630 et
1425 589 1525 629 fidei
1544 588 1714 631 credita
1732 587 1999 628 viderentur.

1216 665 1261 694 v,
1304 653 1567 694 Pontificum
1619 651 1813 704 Collegio
1871 650 2047 704 praefuit

1160 715 1368 757 Pontifex
1399 717 1620 757 Maximus
1642 729 1668 756 a
1687 717 1832 757 Numa
1864 728 1916 756 eo
1944 728 2046 756 con-

1160 780 1356 831 stitutus,
1384 787 1433 820 ut
1461 786 1592 832 esset,
1621 792 1705 834 quo
1735 780 1790 820 de
1825 779 1954 821 rebus
1983 792 2048 820 sa-

1159 843 1244 883 cris
1278 845 1520 884 consultum
1553 844 1676 896 plebs
1703 844 1902 884 veniret:
1934 844 2047 884 illius

1158 908 1272 947 enim
1324 914 1435 961 erat,
1482 907 1636 961 quibus
1674 908 1842 961 hostiis,
1890 907 2046 961 quibus

1158 971 1325 1024 diebus,
1356 972 1410 1011 ad
1442 985 1538 1025 quae
1581 974 1748 1026 templa
1793 985 1917 1013 sacra
1955 978 2046 1012 tum

1156 1036 1334 1090 publica
1391 1043 1481 1077 tum
1521 1037 1691 1089 privata
1727 1036 1897 1089 fierent,
1937 1049 2048 1090 prae-

1158 1101 1374 1152 scribere3
1403 1101 1557 1154 quibus
1587 1101 1741 1141 ritibus
1765 1101 1887 1153 justa
1923 1100 2049 1140 fune—

1157 1164 1254 1205 bria
1290 1165 1552 1218 peragenda,
1593 1164 1852 1218 placandive
1899 1177 2047 1205 manes

1160 1229 1376 1280 edocere3
1404 1243 1586 1284 quaeque
1623 1230 1824 1283 prodigia
1860 1229 2048 1270 fulmini-

1159 1293 1240 1334 bus
1287 1294 1426 1334 aliove
1464 1295 1555 1334 viso
1597 1295 1726 1334 missa
1777 1300 2046 1335 curarentur.

1160 1359 1287 1398 Illum
1321 1365 1368 1400 et
1400 1372 1452 1398 ex
1485 1359 1677 1411 Collegio
1696 1358 1974 1409 Pontificum,
2002 1364 2049 1398 et

1159 1423 1334 1463 tributis
1367 1423 1515 1476 populi
1544 1424 1729 1465 comitiis
1759 1425 1845 1476 legi
1877 1436 2048 1477 semper

1157 1499 1246 1527 mos
1283 1486 1394 1527 fuit:
1444 1488 1628 1540 primum
1667 1487 1840 1541 quidem
1887 1501 1911 1528 e
1949 1489 2047 1528 solis

1157 1551 1378 1602 Patriciis‚
1409 1551 1566 1592 deinde
1587 1553 1720 1592 etiam
1752 1565 1779 1592 e
1809 1552 1954 1605 plebe.
1985 1565 2048 1594 1⁷1.

1156 1615 1285 1656 Hanc
1329 1615 1600 1668 dignitatem,
1645 1623 1817 1658 mortuo
1868 1618 2049 1670 Lepido,

1156 1695 1252 1723 cum
1274 1682 1500 1736 Augustus
1521 1684 1631 1738 ipse,
1659 1690 1751 1725 tum
1771 1685 1906 1726 ceteri
1929 1686 2049 1726 dein·

1155 1760 1259 1799 ceps
1281 1754 1383 1800 post
1411 1748 1530 1789 illum
1563 1750 1859 1803 Imperatores
1888 1755 1934 1790 et
1966 1751 2047 1790 Pa-

1157 1812 1256 1864 gani
1289 1818 1336 1852 et
1355 1813 1589 1854 Christiani
1623 1827 1710 1854 una
1738 1822 1836 1855 cnm
1856 1815 2046 1867 Imperio

1157 1882 1474 1928 assumserunt3
1519 1878 1580 1918 ita
1614 1884 1777 1930 tamen,
1822 1884 1872 1919 ut
1906 1879 2048 1919 Chris·

1142 1942 1278 1993 ,tiani,
1299 1955 1394 1983 cum
1414 1943 1468 1982 ab
1488 1942 1605 1984 hisce
1626 1943 1876 1984 muneribus
1895 1943 2048 1983 abhor-

1155 2012 1317 2056 rerent,
1345 2007 1482 2045 solum
1510 2006 1736 2047 Pontificis
1754 2006 1937 2047 Maximi
1970 2019 2044 2046 no-

1154 2082 1254 2110 men
1282 2071 1396 2110 inter
1414 2070 1553 2122 elogia
1574 2083 1650 2110 sua
1668 2071 1826 2111 ascribi
1847 2076 2047 2121 pateren-

1154 2139 1238 2175 tur.
1293 2134 1381 2175 Ubi
1400 2147 1502 2175 vero
1523 2135 1759 2175 Gratianus
1781 2135 2044 2175 Pontificem

1154 2199 1393 2239 Maximum
1428 2200 1638 2252 appellari
1671 2212 1719 2239 se
1745 2199 1902 2250 vetuit,
1930 2199 2045 2239 haud

1153 2264 1289 2304 multo
1310 2269 1408 2316 post
1436 2276 1546 2303 anno
1581 2263 1744 2304 Christi
1765 2266 1859 2303 389.
1901 2263 2045 2303 Theo-

1155 2327 1300 2368 dosius
1327 2328 1479 2368 'senior
1514 2327 1798 2368 Sacerdotum
1833 2326 2046 2367 reditibus

1152 2393 1258 2434 fisco
1279 2393 1455 2443 additis,
1488 2392 1677 2446 perfecit
1707 2399 1758 2433 ut
1788 2392 2043 2443 Pontifices,

1153 2457 1370 2511 Augures,
1397 2457 1525 2499 aliive
1554 2457 1813 2499 Sacerdotes
1844 2456 1938 2498 fieri
1968 2458 2042 2498 de⁴

1153 2523 1319 2566 sierint.

756 2707 780 2726 ι
879 2676 1283 2731 AUGURE&

249 2812 284 2843 1.
301 2800 472 2842 ARTEM
494 2803 732 2856 augurandi
752 2817 777 2844 a
792 2804 1003 2846 Chaldaeis
1023 2806 1079 2846 ad

196 2866 394 2919 Graecos,
421 2881 446 2908 a
464 2868 634 2910 Graecis
658 2883 760 2911 vero
779 2871 832 2911 ad
853 2872 1079 2924 Etruscos,

196 2929 251 2970 ab
269 2930 333 2971 bis
353 2943 455 2973 vero
485 2932 540 2973 ad
570 2934 749 2976 Latinos
780 2941 827 2976 et
862 2936 1079 2977 Romanos

194 3005 391 3034 manasse
409 2997 625 3037 memoriae
644 2999 852 3040 traditum
882 3006 978 3041 est:
1007 3013 1080 3041 ce-

194 3059 291 3096 tera
309 3068 406 3109 quae
438 3057 494 3097 de
524 3058 639 3099 illius
658 3061 824 3113 origine
845 3064 973 3115 vulgo
993 3068 1080 3104 tra-

195 3118 357 3161 duntur
376 3133 504 3162 merae
526 3130 627 3165 sunt
657 3124 833 3169 fabulae.
874 3140 928 3168 11.
971 3129 1080 3169 Tres

191 3183 391 3238 Augures
409 3198 435 3227 a
455 3188 651 3235 Romulo,
681 3190 754 3242 qui
788 3195 836 3231 et
865 3191 959 3244 ipse
988 3191 1078 3233 Au·

193 3260 274 3301 gur
297 3247 396 3302 fuit,
423 3250 577 3303 singuli
610 3265 666 3292 ex
688 3254 862 3306 singulis
882 3256 1077 3297 tribubus

193 3312 330 3354 creati
347 3318 463 3362 sunt,
490 3315 644 3367 quibus
679 3329 703 3356 a
732 3317 825 3358 Ser.
845 3319 1000 3371 Tullio,
1027 3325 1077 3360 ut

193 3376 317 3416 multi
338 3378 628 3430 suspicantur,
649 3387 827 3433 quartus
847 3382 1075 3435 adjunctus

194 3443 278 3489 est,
305 3439 455 3481 itidem
490 3447 540 3483 ut
582 3448 672 3484 tres
707 3445 795 3496 alii,
824 3446 1075 3488 Patricius:

193 3501 350 3544 deinde
389 3503 443 3547 ab
480 3505 679 3559 Ogulniis
718 3507 924 3551 fratribus
963 3523 1074 3551 anno

1147 2808 1243 2847 454.
1275 2804 1462 2858 quinque
1484 2817 1507 2844 e
1529 2803 1656 2856 plebe
1674 2802 1829 2854 additi,
1858 2811 2038 2856 qnorum

1149 2881 1353 2909 numerus
1389 2869 1454 2909 uti
1492 2867 1751 2910 Pontificum
1788 2884 1816 2910 a
1851 2872 1900 2911 L.
1922 2870 2041 2922 Sylla

1151 2946 1263 2975 anno
1296 2937 1391 2975 671.
1424 2933 1477 2973 ad
1505 2933 1752 2986 quindecim
1781 2940 1932 2974 auctus
1954 2940 2038 2973 est.

1152 2999 1239 3041 Qui
1276 3003 1407 3038 aetate
1445 2997 1588 3038 senior
1625 2998 1736 3049 e'rat,
1773 2998 1809 3037 is
1847 3000 2039 3049 praeerat

1151 3063 1328 3115 ceteris,
1349 3063 1562 3114 Magister
1582 3063 1764 3114 Collegii
1786 3062 1916 3112 vulgo
1933 3073 2038 3100 nun-

1149 3133 1344 3180 cupatus.
1417 3139 1489 3168 111.
1530 3128 1593 3169 Ut
1648 3127 1928 3178 Pontificum,
1973 3128 2037 3168 ita

1147 3191 1371 3245 Augurum
1399 3193 1679 3246 legendorum
1711 3191 1793 3230 alia
1813 3190 1907 3230 aliis
1928 3195 2037 3231 tem-

1146 3257 1321 3308 poribus
1344 3257 1451 3297 ratio
1478 3255 1589 3298 fuit:
1614 3256 1686 3306 jus
1708 3254 1822 3293 enim
1851 3254 1958 3294 illud
1979 3255 2034 3295 ab

1144 3318 1369 3371 Augurum
1391 3318 1583 3370 Collegio
1602 3317 1655 3356 ad
1675 3317 1877 3368 populum
1899 3330 1925 3357 a
1945 3319 2035 3358 Do-

1142 3384 1263 3423 mitio
1285 3396 1395 3423 anno
1413 3386 1508 3422 649.
1538 3381 1790 3420 translatum
1814 3387 1907 3432 est3
1938 3396 1962 3422 a
1981 3384 2031 3424 L.

1144 3447 1264 3499 Sylla
1293 3459 1404 3487 anno
1433 3448 1528 3485 671.
1560 3445 1824 3498 restitutum,
1853 3452 1899 3486 et
1919 3459 1944 3486 a
1962 3448 2027 3487 Ti.

1143 3510 1333 3552 Labieno
1353 3510 1514 3550 iterum
1531 3520 1641 3549 auno
1664 3513 1757 3550 690.
1785 3509 1934 3552 datum
1955 3524 2029 3563 po-
