2352 4010
736 632 1461 715 CONSPECTUS

332 893 724 959 EORUM
782 894 1012 969 QUAE
1067 894 1271 958 HAC
1327 885 1864 966 EDITIONE

783 1135 1397 1192 CONTINENTUR.

172 1597 375 1653 Pn'rm
401 1598 533 1655 Jos.
559 1598 818 1654 CANTEL
847 1599 1107 1668 Epistola
1131 1598 1503 1654 Serenissimo
1529 1598 1813 1670 Delphino

174 1683 258 1736 M.
283 1684 324 1738 J
327 1701 524 1740 oannis
550 1685 768 1757 Kappii
794 1686 1063 1740 Praefatio
1301 1725 1314 1738 .

171 1768 379 1823 Incerti
403 1771 665 1827 Auctoris
689 1772 830 1826 Vita
854 1772 1075 1826 Valerii
1100 1771 1347 1825 Maximi
1535 1811 1550 1826 .

172 1852 263 1907 De
281 1855 476 1910 AEtate
496 1862 551 1911 et
569 1857 809 1926 Scriptis
824 1856 1039 1910 Valerii
1060 1856 1318 1920 Maximi,
1334 1872 1406 1910 ex
1425 1853 1497 1909 G.
1515 1855 1573 1911 J.
1591 1855 1789 1912 Vossii

241 1937 414 1992 Libro
440 1940 511 1993 de
535 1940 846 1995 Historicis
876 1941 1094 1995 Latinis
1546 1971 1555 1981 x

170 2021 262 2074 De
286 2022 517 2076 Valerio
543 2023 805 2079 Maximo
829 2026 1178 2079 Testimonia
1200 2031 1259 2078 et
1281 2022 1319 2078 J
1321 2021 1510 2078 udicla

169 2106 262 2158 Do
285 2106 667 2162 Romanorum
694 2111 1036 2164 Nominibus

169 2190 261 2242 De
285 2188 568 2242 Gentibus
592 2197 651 2241 et
678 2191 932 2242 Familiis
970 2193 1348 2246 Romanorum

169 2275 260 2327 De
284 2272 495 2343 Populi
521 2273 769 2326 Romani
794 2273 1187 2326 Divisionibus
1299 2310 1312 2324 .

168 2360 260 2413 De
283 2358 713 2426 Magistratibus
736 2357 1111 2411 Romanorum

170 2443 263 2496 De
287 2442 671 2496 Romanorum
695 2441 1042 2497 Sacerdotiis

170 2527 261 2580 De
288 2526 504 2580 Militia
532 2525 911 2580 Romanorum

171 2609 450 2664 Elenchus
465 2607 870 2678 Alphabeticus
886 2611 1280 2665 nonnullorum
1296 2611 1597 2681 Scripturae
1615 2611 1780 2668 Com-

238 2694 566 2763 pendiorum
593 2711 722 2764 quae
747 2695 807 2748 in
830 2695 962 2749 VV.
988 2696 1104 2753 LL.
1127 2702 1422 2751 occurrunt
1531 2727 1544 2751 .»

169 2778 385 2832 Valerii
412 2778 653 2833 Maximi
690 2780 960 2835 Praefatio
1065 2821 1078 2834 .

170 2863 299 2917 Lib.
327 2877 367 2917 1.
406 2881 531 2933 cap.
558 2879 598 2918 1.
638 2866 728 2919 De
754 2865 1047 2935 Religione

402 2966 528 3018 cap.
553 2964 618 3003 11.
657 2951 748 3003 De
774 2950 1068 3019 Religione
1093 2953 1356 3006 simulata

402 3050 530 3104 cap.
559 3048 652 3087 ιιι.
690 3037 779 3089 De
801 3039 1090 3106 peregrina
1114 3038 1403 3107 Religione
1426 3038 1634 3108 rejecta

402 3134 527 3187 cap.
553 3133 636 3172 lv·
676 3119 766 3173 De
798 3120 921 3173 Aus
896 3122 1091 3189 spiciis

401 3218 528 3272 cap.
557 3217 616 3257 v,
671 3204 761 3257 De
789 3203 1085 3258 Ominibus

402 3303 526 3356 cap.
554 3301 638 3339 Vl.
676 3288 764 3340 De
788 3287 1067 3356 Prodigiis

404 3387 529 3441 cap.
558 3386 667 3425 vu.
717 3373 804 3426 De
832 3373 1077 3430 Somniis
