2346 3952
751 323 1140 366 TESTIMONIA
1180 321 1257 360 ET
1294 318 1570 360 JUDlClA.
2002 305 2073 358 23

254 465 376 503 rum
412 448 659 516 ipsorum
699 445 961 501 notabilis
998 449 1088 496 est
1125 443 1289 495 etiam
1317 439 1634 509 aequalitaS,
1678 437 1879 507 paucis
1927 439 2072 490 enim

253 534 491 604 pagellis
518 534 665 586 alius
693 534 861 585 alium
898 529 1132 582 excedit.
1208 526 1468 592 Quatuor
1503 524 1668 594 primi
1705 524 1903 577 eadem
1942 539 2074 575 con-

253 623 401 672 stant
422 633 694 670 mensura.
770 614 1014 679 Quintus
1055 613 1283 682 paulum
1327 611 1612 680 prolixior.
1687 608 1899 662 Sextus
1939 625 2074 660 con-

253 708 417 756 sonat
440 708 680 771 quatuor
704 700 914 769 primis.
989 697 1275 766 Septimus
1302 696 1521 749 brevior
1545 700 1630 747 est
1668 693 1757 746 his
1796 693 2072 757 omnibuS,

251 788 508 840 nimirum
533 791 592 839 ut
615 786 735 855 ejus
760 785 971 837 defectu
996 782 1292 852 prolixitas
1319 782 1496 849 quinti
1535 781 1595 833 in
1634 779 1881 833 ordinem
1920 786 2072 832 cete-

253 888 436 925 rorum
460 872 663 925 veniat.
738 869 989 922 Octavus
1012 874 1071 920 et
1108 883 1283 920 nonus
1309 867 1635 920 tenuissimo
1661 865 1828 919 modo
1854 865 2071 932 longio-

252 973 340 1010 res
366 963 489 1011 sunt
530 957 741 1025 primis,
817 953 946 1019 Quo
971 960 1144 1022 pacto
1167 954 1299 1006 licet
1324 954 1494 1006 etiam
1532 953 1735 1005 multos
1769 940 1913 1004 alios
1952 950 2071 1004 Ro-

247 1052 446 1095 manos
491 1040 833 1109 Graecosque
882 1040 1192 1108 Scriptores
1240 1039 1439 1091 metiri.
1538 1037 1716 1090 Pauci
1766 1037 1913 1090 enim
1961 1053 2070 1089 non

249 1127 606 1181 observarunt
626 1126 794 1180 talem
819 1125 1064 1193 aliquam
1090 1124 1488 1193 aequalitatem.

712 1300 780 1353 In
804 1299 1057 1368 Margine
1083 1303 1271 1353 notata
1295 1304 1453 1353 erant
1476 1299 1618 1353 haec.

319 1423 590 1493 Equidem
625 1424 726 1478 vix
761 1423 1082 1477 crediderim
1122 1422 1415 1477 Valerium
1463 1424 1524 1477 in
1569 1424 1754 1478 animo
1803 1424 2069 1478 habuisse

243 1507 384 1562 hanc
408 1509 783 1578 aequalitatem
806 1508 1116 1562 Librorum.
1157 1508 1405 1562 Facilius
1430 1510 1784 1579 persuadeor,
1803 1510 1898 1579 qui
1923 1526 2066 1562 nunc

244 1598 330 1647 est
353 1593 631 1659 ValeriuS,
668 1593 991 1663 Epitomam
1029 1610 1155 1647 esse
1196 1610 1230 1646 a
1265 1594 1305 1647 J
1309 1595 1420 1648 ulio
1445 1595 1652 1648 Paride
1685 1595 2067 1663 compilatam,

243 1684 415 1747 atque
441 1680 582 1732 adeo
608 1696 681 1732 ex
707 1680 832 1749 ejus
873 1680 1102 1733 cerebro
1144 1682 1474 1750 provenisse
1512 1682 1616 1734 has
1655 1681 1919 1734 librorum
1946 1697 2064 1734 sec-

245 1763 454 1817 tiones,

349 1925 388 1978 J
390 1941 531 1979 anus
558 1926 940 1982 Broukhusius
965 1928 1039 1982 ad
1062 1928 1268 1982 Tibull.
1293 1928 1419 1981 Lib.
1448 1942 1488 1980 1.
1516 1927 1666 1996 Eleg.
1682 1927 1735 1980 3.
1762 1943 1847 1981 VS.
1869 1927 1957 1980 20.

312 2047 632 2104 Admodum
655 2052 801 2105 serio
842 2070 1011 2122 super
1048 2054 1275 2108 Tiberio
1317 2054 1574 2108 Graccho
1613 2070 1701 2107 res
1743 2070 1918 2107 novas
1962 2071 2064 2123 pa-

241 2138 390 2188 rante
413 2150 484 2186 ac·
504 2135 702 2201 pedem
721 2138 957 2204 graviter
981 2139 1295 2193 offendente
1318 2145 1556 2208 nugatur
1579 2138 1841 2192 Valerius
1871 2139 2061 2193 Maxi-

242 2234 365 2272 mus
390 2218 512 2272 Lib.
539 2233 578 2274 1.
606 2235 733 2290 cap.
756 2223 811 2274 4.
