2352 4022
337 319 442 372 136
851 327 1112 367 VALsRu
1153 324 1393 363 MAXlMl
1436 324 1558 362 ms.
1596 327 1634 362 1.

334 454 515 504 fectus
563 449 787 503 classisi
836 447 1087 499 Melitam
1103 446 1123 474 ‘²
1162 445 1495 511 appulisset,
1540 449 1596 495 et
1638 459 1797 511 aeque
1847 460 1917 495 ex
1958 443 2091 496 fano
2106 445 2154 487 ⁸⁷*

338 536 575 588 ,Iunonis
597 535 788 586 dentes
814 533 1085 583 eburneos
1110 528 1334 582 eximiae
1362 527 1757 595 magnitudinis
1785 529 2053 592 sublatoS,
2077 529 2161 582 ad'

340 636 463 670 eum
491 635 590 686 pro
615 619 757 669 dono
782 614 1081 675 attulisset,
1121 617 1184 665 ut
1223 613 1502 680 comperit
1526 612 1675 664 unde
1703 612 1920 665 advecti
1946 618 2154 677 essent,

341 700 716 769 quinqueremi
732 706 750 728 e
784 697 1142 765 reportandos
1169 696 1447 761 Melitam,
1493 697 1655 764 inque
1680 697 1891 764 templo
1914 695 2164 749 sunonis

341 784 694 837 collocandos
737 782 968 844 curavit,
1006 782 1317 849 insculptos
1358 781 1536 847 gentis
1563 797 1680 832 suae
1705 778 1904 843 literis,
1948 779 2156 848 signifi-

341 871 608 938 cantibuS,
635 872 651 894 ‘
669 883 854 934 regem
876 867 1216 933 ignorantem
1235 881 1331 917 eos
1356 866 1675 932 accepisse3
1711 865 1939 918 libenter
1958 864 2098 917 Deae
2112 862 2158 896 ⁸⁸

340 950 715 1004 reddidisse.'‡
790 949 1024 1002 Factum
1060 949 1384 1002 Masinissae
1429 950 1629 1012 anim0,
1674 965 1843 1017 quam
1857 949 1902 991 ⁸9
1939 947 2161 1003 Punico

341 1035 590 1102 sanguini
616 1035 1011 1088 convenienszu
1048 1050 1363 1104 quanquam
1389 1034 1524 1102 quid
1566 1035 1756 1088 attinet
1793 1050 1974 1089 mores
2015 1033 2158 1089 nati-

341 1137 445 1172 one
471 1120 778 1189 perpendi'?
797 1127 843 1161 90
879 1121 938 1172 in
970 1121 1154 1172 media
1193 1121 1451 1173 barbaria
1485 1127 1659 1185 ortuS,
1705 1121 2054 1190 sacrilegium
2077 1137 2161 1177 re·-

339 1202 507 1258 scidit
532 1204 809 1257 alienum?

406 1291 461 1344 3.
480 1290 772 1359 Syracusis
796 1286 1135 1359 Dionysiusf
1154 1290 1421 1357 genitus,*
1449 1297 1535 1344 tot
1560 1293 1856 1361 sacrilegia
1882 1308 2003 1356 sua,
2024 1295 2163 1360 quot

332 1377 448 1445 jam
475 1375 946 1441 recognoscimuS,
980 1374 1197 1443 jocosis
1224 1374 1395 1427 dietis
1419 1376 1685 1445 prosequi
1709 1377 2006 1446 voluptatis
2034 1377 2163 1430 loco

343 1459 578 1512 duxitzw
613 1459 741 1511 sano
768 1461 912 1511 enim
951 1458 1305 1527 Proserpinae
1344 1460 1586 1528 spoliato
1636 1460 1856 1525 LocriS,
1900 1477 2026 1516 cum
2064 1475 2166 1529 per

344 1544 519 1596 altum
545 1545 788 1596 secundo
814 1550 982 1597 vento
1008 1545 1187 1597 classe
1212 1543 1518 1609 veheretur,
1543 1545 1745 1608 ridens»,
1784 1545 2002 1609 amicis,
2027 1548 2042 1574 ‘
2061 1543 2164 1597 Vi-

345 1630 600 1693 detisne,'
625 1629 716 1690 ait,
745 1631 762 1655 ‘
781 1646 947 1698 quam
971 1631 1119 1681 bona
1133 1629 1417 1697 navigatio
1444 1632 1514 1683 ab
1536 1632 1676 1700 ipsis
1697 1631 1824 1684 Diis
1840 1631 2166 1684 immortali-

344 1714 453 1765 bus
483 1713 768 1780 sacrilegis
812 1711 1134 1765 tribuatur'P'
1210 1713 1478 1767 Detracto
1504 1715 1675 1769 etiam
1700 1715 1738 1768 J
1742 1715 1835 1768 ovi
1862 1714 2126 1784 Olympio
2146 1722 2168 1752 ⁸

347 1918 383 1956 P
398 1870 420 1889 ἰ
442 1864 562 1926 ‘Quod
585 1864 739 1913 factum
757 1866 884 1916 magis
902 1866 1129 1915 conveniens
1146 1866 1275 1906 animo
1295 1867 1538 1919 Masinissoe,
1565 1867 1632 1919 qui
1659 1867 1751 1920 pius
1779 1870 1881 1917 erat,
1920 1878 2032 1917 quam
2055 1866 2170 1916 genti

383 1929 522 1958 unicae.

399 1977 418 1996 ⁰
449 1971 679 2022 Quanquam
698 1984 773 2011 non
791 1972 928 2011 debent
946 1985 1068 2012 mores
1085 1973 1276 2013 aestimari
1294 1986 1319 2012 a
1337 1974 1415 2013 loco
1434 1973 1478 2013 in
1493 1987 1565 2026 quo
1581 1972 1749 2024 contigit
1766 1973 1873 2013 nasci
1884 1987 1897 2013 .·
1922 1971 2174 2022 sacrilegium

345 2024 449 2065 enim
467 2027 568 2075 quod
585 2026 686 2065 alter
703 2025 964 2076 commiserat,
983 2027 1045 2065 vir
1058 2027 1163 2078 pius,
1181 2027 1272 2066 ticet
1288 2028 1332 2066 in
1352 2027 1479 2067 media
1497 2031 1607 2067 ortus
1625 2027 1818 2076 barbarie,
1835 2025 2027 2078 expiavit.

397 2084 425 2138 {0
454 2078 674 2130 Dionysius
693 2083 810 2118 natus
828 2079 1035 2130 Syracusis
1054 2080 1319 2121 delectabatur
1328 2080 1461 2129 jocari
1479 2081 1598 2122 dictis
1627 2081 1762 2133 impiis
1787 2081 1835 2120 de
1865 2084 1926 2121 tot
1956 2077 2175 2129 sacrilegiis

346 2143 443 2181 suls,
470 2136 561 2182 quot
578 2132 665 2181 jam
684 2143 935 2172 recensemus.

1104 2227 1407 2242 oue-efflet&

350 2306 402 2345 In
423 2306 674 2358 quibusdam
695 2308 918 2347 Torrenii:
950 2313 989 2347 et
1025 2321 1134 2359 oeque
1152 2310 1323 2349 Junom's
1356 2322 1406 2348 ex
1428 2310 1556 2357 sano.-
1586 2309 1630 2348 in
1665 2307 1975 2358 septemdecim
2010 2306 2103 2346 aliis
2133 2311 2180 2346 et

352 2360 455 2399 Vet.
477 2364 515 2400 et
533 2372 626 2410 eque
644 2373 694 2399 ex
705 2360 931 2408 sunm—88
959 2362 1137 2412 Pighius
1157 2363 1286 2413 legit:
1319 2363 1524 2413 accepisse,
1537 2366 1576 2401 et
1596 2361 1764 2401 libenter
1780 2362 1895 2411 Deoe,
1912 2362 1980 2411 &⁶-
2035 2359 2182 2399 Parti·
2242 2384 2247 2389 ,

351 2414 491 2452 culam
530 2414 817 2464 copulativam
855 2426 940 2453 non
979 2420 1217 2464 agnoscunt
1253 2415 1378 2455 codd.
1412 2421 1458 2454 et
1487 2415 1584 2454 edd.
1620 2414 1860 2465 πύῳ-89
1888 2413 2092 2465 ‘Pighius
2126 2425 2180 2452 ex

356 2466 506 2516 Camp.
545 2466 682 2517 legit:
712 2466 940 2506 Masinissoe
970 2469 1060 2517 plus
1090 2468 1233 2519 animo,
1263 2481 1404 2519 quanm
1433 2467 1630 2519 Guyetus
1667 2467 1872 2518 conjicit:
1912 2468 2022 2507 Mas.
2051 2467 2181 2506 animo

351 2519 495 2569 magis,
515 2531 645 2569 quam.
701 2520 787 2559 Sed
806 2531 946 2571 neque
960 2522 1062 2571 plus,
1092 2533 1231 2573 neque
1248 2522 1377 2571 magis
1394 2533 1516 2572 oan.
1574 2521 1946 2571 Subintelligenda
1965 2525 2028 2560 est
2049 2520 2182 2571 parti-

355 2573 451 2611 cula
469 2573 612 2623 magis,
641 2572 703 2612 uti
721 2573 955 2624 saepissime
975 2575 1018 2612 in
1036 2573 1320 2625 scriptoribus
1341 2574 1571 2614 veteribus.
1627 2574 1727 2613 Vid.
1763 2575 1894 2625 supra
1920 2572 1974 2612 ad
2003 2571 2184 2613 Praefat.

355 2624 598 2665 Gronovius
621 2637 700 2677 pro
718 2627 849 2665 animo
866 2627 1060 2678 conjicit,
1078 2626 1280 2667 Romano.²
1310 2629 1455 2679 Kapp.
1512 2627 1649 2668 Codd.
1684 2628 1844 2667 Brund.
1864 2630 1904 2666 l.
1926 2631 1966 2667 2.
2001 2631 2049 2666 et
2077 2626 2184 2666 Tor-

355 2679 464 2718 renii
486 2691 570 2718 non
589 2679 750 2719 habent
767 2679 870 2731 plus,
898 2681 1011 2732 quod
1034 2687 1178 2720 tamen
1200 2681 1374 2721 exhibet
1395 2693 1503 2720 unus
1523 2680 1684 2732 Ultraj.
1713 2681 1843 2731 magis
1866 2685 1988 2720 extat
2006 2679 2048 2719 in
2079 2680 2184 2719 dno-

356 2732 435 2771 bus
470 2731 733 2772 Leidd.-9o
762 2733 958 2784 Pighius,
983 2735 1140 2774 natione
1171 2735 1302 2786 pendi.
1359 2733 1419 2774 At
1449 2733 1611 2774 Brand.
1649 2739 1686 2774 1.
1721 2737 1760 2774 2.
1797 2745 1943 2774 omnes
1957 2733 2103 2774 Vorst.
2138 2737 2185 2772 et

356 2785 567 2838 Torrenii,
595 2791 640 2826 et
658 2787 758 2826 Vet.
779 2787 900 2839 Mog.
919 2787 1094 2828 Venett.
1117 2791 1155 2827 1.
1173 2792 1212 2828 2.
1232 2794 1278 2828 et
1298 2788 1475 2828 Mediol.
1497 2791 1536 2828 1.
1555 2791 1595 2829 2.
1615 2787 1776 2828 habent
1792 2786 2007 2839 perpendit
2031 2786 2182 2839 Steph.

1173 2908 1352 2950 NOTAE

409 3001 429 3029 ἃ
458 3002 660 3053 Melitam]
698 3001 887 3042 Insulam
923 3002 1053 3042 maris
1087 3002 1238 3055 Siculi,
1306 3015 1384 3056 per
1403 3003 1599 3044 fraudem
1633 3002 1875 3056 tyrannide,
1902 3013 1981 3042 sua
1999 3001 2184 3043 crudeli-

359 3066 402 3104 in
422 3077 506 3117 qua
525 3065 732 3117 templum
761 3070 857 3105 erat
885 3065 1065 3106 Junonis
1084 3078 1238 3118 peran-
1306 3071 1397 3106 tate
1417 3065 1666 3106 nobilitatus
1686 3069 1780 3105 est:
1813 3064 1878 3104 vir
1899 3069 2042 3104 tamen
2070 3063 2186 3104 bello

359 3129 542 3180 tiquum.
572 3129 700 3169 Nunc
721 3129 860 3169 Malte.
1304 3136 1519 3180 strenuus,
1547 3142 1572 3169 a
1605 3141 1690 3182 quo
1709 3128 1814 3169 victi
1832 3127 1988 3179 saepius
2006 3126 2184 3167 Cartha-

412 3197 429 3218 e
459 3193 755 3244 Quinqueremi]
785 3193 932 3234 Genus
957 3193 1077 3233 navis
1103 3194 1234 3246 quod·
1304 3192 1533 3243 ginienses.

359 3254 456 3295 dam
490 3263 571 3307 est,
599 3257 668 3295 cui
707 3256 892 3310 quinque
925 3267 1136 3296 remorum
1170 3269 1236 3295 or·
1359 3255 1384 3279 ‘¹'
1413 3255 1497 3295 An.
1524 3255 1586 3295 M.
1615 3257 1737 3294 ³6⁵7.
1796 3252 1953 3293 01.95.
1972 3255 2011 3291 4.
2073 3252 2183 3294 Urb.

360 3317 495 3357 dines.
1305 3320 1354 3359 C.
1373 3323 1468 3358 356.
1515 3318 1621 3358 Ant.
1642 3317 1720 3357 ch.
1741 3319 1834 3357 396.

416 3384 434 3425 ss
466 3379 548 3419 An.
570 3381 634 3421 M.
655 3384 775 3421 3850.
825 3381 897 3422 01.
920 3385 1012 3423 144.
1031 3386 1069 3423 1.
1127 3382 1239 3424 Urb.
1358 3388 1379 3415 δ’
1403 3381 1497 3420 Jovi
1515 3379 1717 3432 Olympia]
1746 3376 1877 3418 Haud
1896 3378 2047 3429 procul
2067 3390 2091 3418 a
2110 3378 2186 3433 Sy·
2231 3395 2234 3398 ·

364 3443 410 3482 C.
427 3446 520 3483 549.
567 3442 670 3484 Ant.
692 3445 771 3484 Ch.
790 3448 884 3485 203.
1305 3443 1468 3486 racusis
1489 3443 1694 3495 templum
1717 3441 1816 3482 illud
1837 3439 1937 3491 fuit,
1965 3453 2019 3481 ex
2039 3441 2181 3482 Cicer.

414 3502 431 3527 f
454 3505 683 3557 Dionysius]
714 3507 878 3558 Senior,
923 3508 996 3560 qni
1029 3512 1238 3559 occupata
1306 3508 1432 3548 Orat.
1471 3507 1514 3546 in
1554 3506 1749 3545 Verrem.
1818 3504 1991 3557 Jupiter
2026 3505 2187 3546 dit-itm·
