2352 4022
752 319 886 358 CAP.
918 318 1024 356 vn.
1073 315 1151 356 nn
1190 313 1471 354 sommis.
1924 301 2030 355 185

196 441 343 509 gusti
362 446 382 468 ²²
419 437 798 491 sacratissima
821 435 1125 488 memoria?
1203 433 1345 503 Ejus
1371 431 1588 485 medico
1625 429 1853 484 Artorio
1882 449 2031 485 som-

195 542 325 577 num
349 524 591 593 capienti
616 527 802 584 nocte,
817 536 980 588 quam
1001 519 1119 571 dies
1147 519 1432 571 insecutus
1459 523 1564 579 est,
1594 533 1704 588 quo
1729 516 1789 568 in
1816 519 2031 584 campis

199 608 564 678 Philippicis³
595 607 835 661 Romani
869 606 1009 658 inter
1053 622 1112 656 se
1154 605 1434 657 exercitus
1471 608 1889 664 concurrerunt,
1920 601 2031 653 Mi-

194 710 378 747 nervae
404 695 626 763 species
651 694 849 746 oborta
872 692 1161 760 praecepit,
1201 694 1217 718 ⁴
1237 696 1293 743 ut
1333 690 1491 742 illum
1529 688 1683 757 gravi
1712 688 1903 740 morbo
1929 686 2031 739 im-

195 779 456 847 plicitum
477 784 738 843 moneret,
757 794 827 829 ne
852 780 1074 846 propter
1100 776 1395 829 adversam
1417 774 1838 837 valetudinem,4
1861 788 2032 842 prox-

195 864 310 916 imo
335 863 530 932 praelio
556 879 667 916 non
710 860 1066 915 interesset*
1141 860 1311 926 Quod
1350 877 1480 914 cum
1519 860 1713 913 Caesar
1757 858 2030 922 audisset,

192 950 395 1002 lectica
420 965 481 1002 se
506 947 563 1000 in
589 948 765 1000 aciem
792 945 990 999 deferri
1005 946 1215 1016 jussit:
1253 946 1352 999 ubi
1378 946 1510 998 dum
1535 962 1708 1013 supra
1732 944 1882 1001 vires
1908 958 2030 997 cor-

194 1035 350 1102 poris
373 1050 476 1101 pro
500 1032 871 1101 adipiscenda
894 1032 1125 1085 victoria
1155 1032 1414 1095 excubat,
1440 1035 1622 1084 castra
1648 1030 1768 1099 ejus
1796 1046 1830 1082 a
1856 1029 2030 1082 Bruto

192 1124 364 1186 capta
386 1115 598 1172 sunt.'’¹'
673 1116 826 1182 Quid
853 1135 984 1187 ergo
1011 1118 1165 1171 aliud
1191 1123 1474 1186 putamus,
1501 1132 1670 1185 quam
1697 1115 1886 1167 divino
1908 1131 2027 1167 mu-

197 1219 326 1256 nere
343 1208 363 1241 5
400 1202 677 1267 effectum,
714 1219 782 1256 ne
806 1202 1139 1257 destinatum
1174 1203 1293 1272 jam
1316 1202 1723 1255 immortalitati
1749 1207 1921 1269 caput
1944 1200 2028 1252 in-

193 1288 414 1356 dignam
440 1289 659 1342 coelesti
683 1289 880 1357 spiritu
906 1289 1137 1343 fortunae
1165 1289 1480 1341 violentiam
1507 1287 1775 1340 sentiret?
1794 1295 1811 1316 ⁰

264 1374 317 1426 2.
356 1371 671 1441 Augustum
700 1391 831 1427 vero
875 1380 1076 1443 praeter
1112 1374 1416 1426 naturalem
1458 1373 1632 1425 animi
1674 1373 1728 1424 in
1768 1371 2027 1424 omnibus

193 1458 362 1510 rebus
388 1458 663 1511 subtiliter
687 1459 1098 1527 perspiciendis
1125 1459 1393 1527 vigorem,
1435 1459 1600 1511 etiam
1626 1475 1823 1511 recens
1851 1463 1905 1511 et
1929 1456 2029 1509 do-

192 1543 480 1595 mesticum
510 1545 849 1612 exemplum,
892 1550 953 1596 ut
981 1542 1192 1596 Artorii
1217 1543 1437 1596 somnio
1461 1543 1892 1611 obtemperaret,
1931 1541 2029 1593 ad-

190 1628 424 1680 monuit.
475 1627 788 1681 Audiverat
812 1629 958 1680 enim
993 1628 1123 1680 Divi
1149 1627 1187 1680 J
1190 1628 1290 1680 ulii
1316 1628 1494 1696 patris
1521 1627 1609 1679 sui
1634 1643 1870 1679 uxorem
1899 1624 2029 1678 Cal-

191 1712 475 1779 purniamc
511 1720 696 1777 nocte,
736 1730 903 1783 quam
947 1715 996 1767 is
1022 1715 1076 1766 in
1104 1715 1266 1766 terris
1293 1714 1545 1765 ultimam
1571 1714 1697 1779 egit,
1739 1713 1798 1763 in
1841 1712 2027 1779 quiete

190 1796 418 1861 vidisse,
443 1798 628 1850 multis
653 1814 779 1851 eum
807 1799 1119 1852 confectum
1141 1799 1461 1852 vulneribus
1481 1798 1501 1828 ‘¹
1540 1798 1596 1850 in
1635 1814 1740 1850 suo
1777 1797 1903 1850 sinu
1938 1796 2029 1866 ja-

189 1886 423 1946 centem,
446 1883 756 1952 somniique
779 1885 1076 1938 atrocitate
1101 1884 1450 1938 vehementer
1474 1870 1810 1945 exterritam,
1835 1898 2027 1950 rogare

242 2046 260 2073 ⁶
293 2048 350 2087 Ut
366 2048 477 2088 illum
500 2050 724 2090 admoneret
751 2050 843 2090 licet
874 2049 1113 2092 laborantem
1137 2052 1257 2102 gravi
1287 2052 1433 2104 morbo,
1460 2064 1508 2091 ne
1536 2051 1689 2092 abesset
1721 2051 1769 2092 ab
1802 2052 2026 2093 imminenti

187 2101 405 2142 certamine
418 2107 581 2154 propter
598 2116 706 2143 auam
723 2105 1018 2154 oegvitudinem.

246 2160 265 2181 ⁶
291 2155 436 2196 Nonne
456 2155 616 2205 factum
641 2161 699 2197 est
733 2157 915 2211 benficia
935 2158 1126 2209 Deorum,
1165 2171 1214 2198 ne
1242 2160 1463 2212 Augustus,
1480 2159 1571 2209 jam
1600 2159 1820 2200 destinatus
1848 2164 1894 2199 ut
1914 2159 2031 2202 Deus

188 2213 291 2250 cuce
308 2210 560 2260 mmm-tatis,
588 2211 836 2263 experiretur
852 2212 1078 2253 violentiam
1083 2211 1264 2261 sortunoe
1277 2211 1299 2254 ξ’

956 2344 1255 2362 eeeeeeeeeeee

186 2432 287 2474 Vet-
306 2433 426 2486 Mog.
445 2435 626 2478 Venett.
644 2440 726 2478 &c.
745 2437 906 2479 habent
924 2438 1141 2492 Philippis.
1196 2441 1304 2481 Mox
1327 2441 1479 2482 Heius.
1502 2445 1540 2483 1.
1560 2442 1690 2483 oblata
1714 2455 1739 2482 a
1757 2455 1813 2484 m.
1834 2454 1921 2484 sec.
1943 2455 2022 2496 pro

185 2485 333 2550 algoris-1.
388 2489 533 2530 Etiam
569 2495 847 2533 concurrerunt
879 2505 958 2545 pro
982 2506 1208 2535 concurrere
1238 2495 1282 2534 in
1313 2495 1512 2536 omnibus
1545 2497 1673 2536 codd.
1710 2503 1756 2537 et
1789 2497 1888 2538 edd.
1921 2504 2024 2539 ante

184 2540 479 2592 Pighium.—4
507 2545 620 2586 Dan.
648 2546 919 2588 valitudinem.
974 2548 1082 2587 Mox
1103 2561 1182 2601 pro
1211 2550 1348 2600 proelio
1369 2549 1498 2591 codd.
1519 2551 1720 2591 Perizon.
1740 2557 1787 2591 et
1806 2551 1964 2604 Ultraj.
1982 2556 2022 2592 2.

184 2593 363 2648 habent,
390 2597 583 2639 bella—5
611 2599 774 2652 Ultraj.
802 2601 930 2652 prim.
966 2606 1013 2642 et
1038 2602 1138 2643 Vet.
1166 2603 1248 2644 dim·
1277 2604 1449 2645 numine.
1507 2605 1640 2645 Multi
1673 2605 1780 2646 Mss.
1813 2610 1860 2646 et
1894 2606 2020 2647 editt.

1011 2728 1054 2769 N
1059 2727 1195 2769 OTAE

237 2819 256 2840 ⁸
282 2814 384 2855 Dim·
409 2817 606 2870 Augusti]
650 2819 830 2862 Octavii
862 2821 1066 2873 Caesaris,
1185 2822 1211 2846 *
1230 2822 1315 2864 An.
1342 2824 1407 2864 M.
1427 2827 1551 2865 4012.
1574 2823 1644 2865 01.
1667 2827 1762 2866 184.
1783 2828 1821 2866 3.
1835 2823 1944 2866 Urb.
1967 2825 2017 2866 C.

184 2876 258 2929 qui
293 2890 405 2918 anno
439 2886 538 2931 post
570 2882 795 2924 Actiacam
841 2885 1065 2926 victoriam
1133 2891 1226 2929 711.
1246 2887 1350 2928 Ant.
1369 2887 1446 2928 Ch.
1463 2891 1532 2928 41.

189 2941 356 2993 quinto,
398 2954 454 2983 ex
511 2948 727 2988 sententia
779 2950 828 2990 L.
869 2950 1063 2990 Munacii
1187 2955 1205 2977 c
1235 2951 1512 3004 Calpurniam]
1538 2950 1638 2991 Fuit
1657 2950 1706 2991 L.
1733 2950 1906 2991 Pisonis
1924 2951 2019 2991 (3ae-

184 3003 341 3045 Planci
385 3018 410 3046 a
446 3007 609 3049 Senatu
676 3012 921 3065 populoque
979 3014 1063 3054 Ro·
1133 3015 1313 3066 enniani,
1332 3015 1373 3055 in
1395 3027 1521 3067 quem
1539 3019 1665 3054 extat
1686 3014 1904 3055 Ciceronis
1923 3026 2020 3054 ora-

181 3078 307 3108 mano
326 3067 550 3121 Augustus
576 3071 719 3114 dictus
752 3081 844 3116 est:
885 3081 932 3118 et
951 3090 975 3117 a
994 3076 1064 3117 Ti·
1134 3078 1212 3130 tio,
1229 3077 1318 3119 filia
1331 3093 1344 3130 ;
1373 3084 1419 3119 et
1438 3079 1488 3119 L.
1512 3068 1687 3118 Piso-nis
1709 3076 1788 3117 sub
1816 3075 2017 3127 Augusto

182 3128 304 3171 berio
337 3138 437 3184 post
466 3141 653 3177 mortem
683 3138 725 3179 in
761 3139 953 3182 Deorum
986 3153 1063 3182 nu·
1134 3142 1333 3183 Consulis
1353 3154 1486 3194 soror,
1511 3148 1753 3195 quartaque
1783 3151 1890 3180 uxor
1908 3138 2017 3180 Julii

181 3203 345 3234 merum
366 3196 545 3239 relatus.
1133 3205 1338 3246 Caesaris.

233 3254 254 3282 '³
283 3258 426 3306 Castra
443 3259 526 3309 cius
543 3267 659 3315 capta
676 3264 787 3317 sunt]
834 3265 1065 3321 Ipsiusque
1185 3267 1205 3296 ¹¹
1235 3265 1467 3318 Confectum
1492 3265 1731 3317 vulneribus]
1771 3263 1826 3305 Id
1859 3265 2017 3306 somni-

179 3318 339 3367 lectica
367 3334 391 3362 a
424 3323 646 3366 Brutianis
674 3328 882 3370 militibus
911 3331 1064 3382 gladiis
1132 3344 1202 3372 um
1222 3332 1337 3384 apud
1370 3331 1651 3371 Plutarchum
1680 3328 1870 3368 nonnulli
1886 3329 2015 3369 aliter

181 3382 404 3434 transfixa,
422 3397 478 3425 ex
498 3388 617 3429 Plnt.
638 3396 683 3430 et
695 3391 817 3434 Suet.
860 3395 930 3434 De
947 3407 1062 3436 cam·
1130 3394 1354 3444 referunt3
1383 3406 1464 3434 nec
1481 3393 1594 3433 enim
1615 3390 1838 3433 confossus
1858 3391 2012 3432 vulne-

182 3443 249 3506 pis
269 3445 524 3500 Philippicis
550 3464 777 3507 pugnaque
803 3455 847 3496 in
874 3456 924 3497 iis
946 3469 1061 3498 com·
1127 3458 1244 3498 ribus
1282 3457 1426 3497 Caesar
1463 3456 1585 3495 uxori
1626 3455 1860 3495 dormienti
1895 3455 2010 3495 visus

182 3510 313 3553 missa
331 3515 523 3567 consule,
541 3517 646 3570 Cap.
666 3523 706 3558 6.
1128 3525 1219 3570 est;
1248 3520 1337 3570 sed,
1365 3531 1461 3560 cum
1487 3518 1599 3559 illius
1629 3518 1791 3560 aedibus
1811 3530 1864 3560 ex
1883 3518 2012 3559 Sena·
