2352 4022
1959 278 1984 297 ἢ

380 296 489 348 224
902 308 1160 348 VALERH
1204 309 1447 348 ΜΑΧῙΜι
1491 311 1609 350 ΜΒ.
1651 313 1690 349 1.

381 445 506 481 cum
544 445 575 480 e
613 428 743 481 navi
779 428 982 480 fluctus
1027 425 1339 494 abjecisset,
1385 427 1558 479 altero
1598 428 1765 481 latere
1801 444 2200 498 repercussum,

378 513 581 564 fluctus
608 512 909 563 contrarius
928 510 982 560 in
1007 524 1204 560 navem
1232 511 1435 563 retulit.
1511 512 1708 579 Itaque
1728 513 1914 565 miseri
1940 515 2108 568 simul
2134 534 2200 570 ac

378 596 559 648 felicis
587 594 1005 661 complorationi
1031 595 1306 660 permixta
1331 595 1435 648 fuit
1458 597 1790 662 gratulatio!

449 680 536 732 12.
577 679 731 743 Quid
756 679 890 729 illa?
930 694 1114 730 nonne
1138 679 1379 732 ludibria
1403 686 1616 733 naturae
1662 681 1719 732 in
1753 681 2079 748 corporibus
2101 683 2198 737 hu-

379 765 555 816 manis
579 762 808 814 fuisse⁸⁷
849 761 1118 814 credenda
1145 763 1303 815 sunt?
1342 763 1654 816 tolerabilia
1672 764 1916 831 quidem,
1941 765 2079 833 quia
2094 782 2200 820 sae-

377 849 516 899 vitia
541 851 859 912 caruerunt3
900 852 1138 898 ceterum
1178 853 1236 898 et
1277 847 1405 915 ipsa
1448 848 1730 900 miraculis
1773 850 2201 904 annumeranda.

377 932 526 984 Nam
555 936 609 982 et
633 931 906 997 Prusiae,¹¹‘
943 933 1089 999 regis
1115 932 1437 1000 Bithyniae,n
1475 931 1686 984 filius⁸⁸
1727 932 1926 984 eodem
1951 935 2197 999 nomine,

375 1032 489 1082 quo
517 1022 695 1083 pater,
742 1034 843 1083 pro
881 1017 1151 1084 superiori
1177 1017 1371 1068 ordine
1398 1017 1645 1069 dentium
1688 1033 1856 1068 unum
1899 1031 1964 1068 os
2007 1034 2200 1085 aequa-

372 1102 498 1152 liter
524 1105 808 1153 extentum
845 1102 1062 1164 habuit,
1106 1117 1210 1153 nec
1246 1100 1319 1153 ad
1346 1102 1588 1168 speciem
1615 1102 1878 1165 deforme,
1916 1119 2096 1171 neque
2123 1103 2197 1156 ad

374 1201 532 1236 usum
558 1185 672 1237 ulla
700 1201 772 1237 ex
798 1192 953 1253 parte
979 1181 1438 1237 incommodum*

444 1269 533 1321 13.
573 1268 951 1323 Mithridatis⁰
991 1286 1123 1323 vero
1174 1270 1320 1337 regis
1371 1270 1487 1322 filia
1536 1271 1893 1339 Dripetine,⁸⁹
1946 1271 2196 1324 Laodice

417 1455 605 1548 ἔβα-αγις
623 1455 870 1517 comploratio
877 1428 993 1505 farta
1012 1459 1070 1495 est
1091 1454 1137 1495 ob
1158 1455 1339 1495 miserum
1357 1455 1468 1495 illum
1486 1456 1636 1507 lapsum
1656 1456 1699 1495 in
1718 1468 1837 1509 mare,
1864 1460 1903 1496 et
1919 1455 2136 1507 gratulatio
2155 1455 2201 1496 ob

372 1519 414 1547 re
444 1521 455 1547 z
477 1522 541 1548 um
559 1521 601 1548 m
618 1522 761 1550 nomm.

1140 1575 1444 1590 “r“ffmM‘

370 1644 561 1682 nonnulli
588 1644 716 1684 codd.
735 1645 911 1684 Torren.
941 1645 985 1684 in
1013 1645 1126 1685 litore
1149 1645 1360 1696 Tyr-iorum
1373 1658 1388 1691 ‚¹
1417 1645 1565 1695 Camp.
1584 1644 1626 1683 in
1645 1646 1784 1684 dextro
1802 1644 1925 1684 latere
1947 1645 2069 1685 triere
2091 1644 2198 1684 Tiri-

370 1709 509 1742 orum;
537 1698 678 1738 Pulm.
695 1699 737 1738 in
756 1703 888 1738 texere
909 1698 1134 1745 Timbrum
1164 1699 1324 1738 Brand.
1347 1698 1496 1737 Atreb.
1520 1699 1681 1738 Cauch.
1702 1702 1745 1737 et
1765 1697 1935 1738 Gembl.
1958 1699 2002 1738 in
2029 1698 2200 1738 dhexere

373 1749 598 1796 Tit-iorum:
627 1752 738 1791 unde
757 1753 935 1803 Pighius
964 1752 1084 1792 dedit
1110 1753 1340 1792 lectionem
1376 1757 1581 1801 nostram,
1612 1756 1657 1791 et
1687 1752 1954 1802 Perizonius,
1984 1751 2027 1791 in
2057 1753 2201 1791 hexere

368 1803 409 1840 in
428 1803 560 1843 littore
583 1805 810 1856 Tyriorum.-
841 1806 971 1846 Barb.
993 1809 1031 1845 1.
1051 1810 1086 1845 2.
1110 1812 1154 1844 et
1179 1806 1323 1845 Heius.
1346 1808 1382 1844 l.
1411 1806 1454 1844 in
1482 1807 1626 1844 demere
1657 1806 1772 1843 litore
1796 1805 2016 1857 Tyriorum,
2045 1803 2122 1844 sed
2155 1806 2198 1844 in

368 1858 510 1896 dexere
530 1865 678 1908 postea
695 1859 819 1898 obelo
839 1866 907 1898 est
927 1860 1175 1899 transfixum
1197 1860 1238 1898 iu
1262 1859 1409 1898 Heius.
1431 1859 1474 1898 in
1493 1859 1616 1898 Derse
1632 1858 1747 1897 litore
1766 1859 1807 1896 in
1831 1859 1953 1898 Harl.
1973 1859 2015 1898 in
2033 1860 2198 1898 dextero

369 1910 491 1949 latere
510 1915 614 1950 terre
632 1925 740 1951 unus
764 1913 920 1963 Ultraj.
949 1920 994 1952 et
1024 1914 1144 1963 Mog,
1177 1925 1271 1952 curn
1307 1913 1399 1951 aliis
1433 1912 1531 1951 edd.
1570 1913 1612 1950 in
1644 1913 1777 1951 littore
1807 1911 2027 1962 Tyriorum.
2085 1912 2197 1951 Vide

367 1963 481 2002 iufra
506 1965 659 2004 Notam
676 1967 812 2005 1.-87
844 1967 1056 2017 Ignorant
1074 1966 1121 2004 τὸ
1137 1967 1270 2014 fuisse
1294 1966 1489 2006 Perizon.
1515 1965 1667 2004 Heins.
1689 1969 1730 2004 2.
1763 1970 1806 2004 et
1826 1964 1946 2005 Leid.
1965 1969 2006 2004 7.
2033 1964 2108 2004 sed
2127 1965 2198 2004 hic

369 2015 560 2056 additum
583 2025 649 2058 est
670 2020 709 2057 in
731 2021 1042 2070 margine.—-88
1073 2020 1225 2059 Heius.
1246 2024 1285 2059 2.
1319 2019 1444 2059 Harl.
1481 2020 1614 2058 Barb.
1637 2022 1675 2058 1.
1698 2022 1739 2058 2.
1759 2024 1804 2057 et
1837 2031 1861 2057 a
1881 2031 1936 2057 in.
1957 2030 2018 2070 pr.
2039 2019 2196 2069 Copes.

372 2070 565 2110 Pei-izon.
587 2077 631 2111 et
652 2072 772 2112 Leid.
795 2077 835 2113 7.
866 2075 973 2112 Nam
992 2077 1029 2112 et
1053 2074 1215 2113 Prusias
1233 2073 1340 2122 regis
1362 2072 1665 2124 Prusiaefilius,·
1694 2071 1768 2110 sed
1790 2077 1835 2110 et
1855 2072 1920 2111 hie
1941 2072 2200 2113 emendatur

366 2123 408 2160 in
432 2125 635 2175 margine.
692 2126 860 2166 Deinde
881 2134 1078 2179 quatuor,
1098 2131 1298 2167 extensum
1317 2125 1576 2165 habaiu—89
1608 2125 1748 2164 Codd.
1767 2125 1945 2175 habent,
1965 2125 2197 2176 Dripetina,

367 2177 608 2228 Dirpetinoe,
642 2179 888 2231 Diripetina,
925 2181 1153 2229 Dar-petrae,
1194 2179 1441 2230 Diripentie,
1476 2179 1707 2230 Depetrz'ne,
1739 2179 2015 2230 Direpetinoe‚·
2041 2184 2085 2219 et
2121 2191 2200 2229 pro

365 2229 547 2281 Laodice,
577 2233 783 2273 exhibent
803 2234 981 2284 Leode'ce,
1002 2234 1187 2283 L‘mdice,
1217 2247 1236 2272 e
1256 2233 1438 2282 Laodice,
1476 2233 1703 2271 Laodiceoe:
1733 2232 1775 2271 in
1807 2232 1987 2272 Mediol.
2022 2235 2062 2272 3.
2098 2233 2202 2272 Lao-

366 2284 470 2324 dices
484 2286 634 2336 reginae
653 2291 760 2326 nata.
817 2287 924 2327 Mox
944 2300 1020 2339 pro
1040 2288 1204 2336 deformi
1225 2287 1402 2339 Pighius
1422 2292 1575 2327 contra
1603 2298 1858 2326 consensum
1890 2284 2019 2326 codd.
2047 2291 2093 2326 et
2128 2285 2201 2324 lib.

1197 2392 1383 2434 NOTAE

371 2492 467 2526 est:
498 2487 540 2526 in
562 2487 629 2538 iis,
665 2489 814 2541 quibus
846 2491 972 2542 vulgo
993 2491 1167 2542 utimur,
1194 2491 1254 2530 le-

377 2548 493 2599 gitur
511 2551 552 2588 in
572 2552 729 2591 littore.-
756 2553 808 2592 In
826 2554 1078 2605 Campensi:
1101 2555 1144 2594 in
1160 2555 1255 2594 dex-

374 2615 437 2650 tro
458 2612 578 2652 latere
599 2613 718 2654 triere
738 2616 950 2657 Tiriorum.
981 2618 1031 2656 ln
1052 2619 1259 2660 Pulmam

376 2675 527 2714 niano:
565 2676 607 2722 in
627 2682 758 2718 texere
779 2679 991 2719 Timbrum.
1053 2681 1103 2720 Iu
1128 2679 1253 2720 Atre-

373 2738 554 2787 batensi,
585 2741 846 2791 Cauchiano,
876 2748 921 2782 et
951 2743 1254 2783 Gemblacensi

374 2803 615 2841 accuratius
650 2804 858 2856 scriptum
895 2812 988 2846 est:
1017 2808 1059 2846 in
1089 2808 1256 2848 dhexere

375 2866 608 2916 Tyriorum:
653 2867 764 2905 unde
800 2869 1043 2919 suspicatur
1077 2869 1256 2921 Pighius

372 2930 415 2968 in
452 2930 594 2970 hexere
633 2931 842 2982 Tyriorum
875 2933 1100 2984 legendum
1137 2947 1254 2984 esse3

373 3004 455 3044 qua
476 2995 691 3045 scriptura
711 2995 811 3046 quin
833 3007 933 3034 vera
954 2996 1008 3036 sit
1028 3003 1072 3036 et
1091 3009 1257 3047 gernia-

372 3067 441 3106 na,
470 3056 686 3096 dubitabit
719 3070 858 3108 nemo,
888 3059 958 3111 qui
990 3059 1042 3098 ab
1073 3061 1256 3100 auctori-

374 3118 470 3169 bus,
497 3125 587 3159 tum
609 3119 775 3160 Graecis
798 3127 886 3160 tum
911 3123 1092 3171 Latinis,
1112 3135 1254 3173 naves,

373 3187 449 3221 aut
470 3182 682 3222 Penteres
703 3190 775 3223 aut
806 3184 1002 3224 Hexeres
1035 3191 1108 3224 aut
1139 3186 1254 3236 Hep-

374 3253 489 3286 teres
518 3246 618 3297 dici,
664 3260 689 3286 a
723 3259 932 3286 remorum
982 3248 1046 3287 vel
1081 3260 1256 3287 numero

375 3310 443 3348 vel
464 3309 683 3351 ordinibus
705 3310 898 3359 noverit3
926 3310 1050 3362 cujus
1082 3310 1141 3350 rei
1174 3317 1255 3349 tes-

375 3377 462 3411 tem
483 3373 699 3423 appellare
716 3373 879 3412 Livium
898 3374 1004 3413 satis
1020 3373 1117 3424 erit,
1134 3373 1255 3424 cnjus

374 3436 466 3475 haec
489 3443 588 3475 sunt
609 3436 738 3476 verba
757 3449 780 3475 e
800 3437 910 3476 libro
926 3448 1118 3476 xxxvn.
1146 3437 1157 3458 ‘
1176 3437 1256 3474 Re-

374 3498 446 3550 gia
464 3499 612 3539 classis
634 3505 799 3552 septem
821 3506 866 3541 et
886 3500 1066 3554 triginta
1087 3499 1255 3551 majoris

1322 2489 1472 2530 formae
1510 2491 1682 2530 navium
1716 2495 1827 2541 erat,
1853 2489 1894 2529 in
1928 2489 2080 2542 quibus
2110 2494 2200 2529 tres

1321 2555 1523 2605 hepteres
1557 2562 1601 2594 et
1639 2560 1822 2607 quatuor
1857 2554 2038 2593 hexeres
2075 2552 2203 2592 habe·

1322 2618 1425 2659 bat)

1375 2688 1405 2708 ¹¹²
1432 2682 1612 2734 Prusiae]
1641 2681 1710 2723 Ad
1740 2674 1864 2736 quem
1890 2679 2077 2721 Annibal
2107 2692 2203 2732 pro·

1321 2743 1449 2796 fugit,
1479 2757 1585 2796 pace
1608 2745 1825 2786 Romanos
1852 2744 1965 2783 inter
1983 2749 2029 2784 et
2048 2742 2200 2783 Antio-

1323 2809 1444 2847 chum
1466 2806 1597 2848 facta.

1377 2876 1396 2896 ¹¹
1414 2869 1643 2922 Bithynice]
1662 2870 1714 2909 In
1732 2869 1838 2909 Asia
1852 2868 2001 2909 minori
2019 2867 2071 2924 ad
2088 2869 2202 2908 Pon·

1322 2938 1412 2973 tum
1445 2934 1544 2983 sita,
1562 2934 1743 2973 adversa
1768 2932 1978 2981 Tbraciae,
2007 2931 2204 2982 proxima

1321 2998 1504 3037 Troadi:
1555 2997 1736 3048 primum
1774 2996 2004 3046 Bebrycia,
2047 2994 2203 3034 deinde

1322 3060 1579 3111 Mygdonia,
1610 3065 1698 3099 tum
1721 3070 1744 3098 a
1763 3058 1954 3107 Bithyno
1986 3058 2104 3106 Rege
2129 3056 2203 3095 Bi-

1324 3122 1470 3174 thynia
1508 3126 1768 3173 nuncupata.
1843 3119 1986 3160 Hodie
2028 3119 2201 3159 Becsan-

1319 3185 1419 3235 gial.

1378 3248 1402 3271 *
1431 3247 1514 3290 An.
1534 3249 1598 3288 M.
1617 3250 1738 3288 3870.
1787 3246 1858 3286 01.
1879 3248 1970 3285 149.
1993 3249 2030 3285 1.

1326 3311 1374 3351 C.
1393 3314 1488 3351 569.
1534 3310 1637 3350 Ant.
1659 3310 1735 3351 Ch.
1757 3312 1850 3349 183.
1879 3353 1882 3355 v

1376 3380 1395 3399 ⁰
1435 3373 1707 3424 Mithridatis]
1753 3371 1886 3422 Regis
1927 3371 2083 3421 Ponti;
2129 3370 2201 3422 qui

1325 3437 1479 3475 inultos
1515 3447 1646 3475 annos
1693 3434 1850 3474 bellum
1903 3435 1946 3473 in
1988 3435 2200 3474 Romanos

1324 3500 1475 3552 gessit,
1504 3499 1517 3521 ‘
1539 3498 1673 3539 donec
1694 3497 1829 3538 tribus
1852 3497 2093 3548 ingentibus
2113 3495 2203 3535 bel-

2093 3244 2199 3284 Urb.
