2352 4022
371 307 477 358 440
868 321 1128 359 VALERH
1171 319 1417 358 MAxuul
1462 322 1582 360 me.
1611 323 1691 360 ιν.

1106 557 1279 611 CAP.
1318 559 1436 612 III.

562 711 668 764 DE
705 709 1254 765 ABSTINENTIA
1292 713 1391 766 ET
1430 712 2012 768 CONTINENTIA.

488 864 618 894 casus
639 865 859 895 EXEMPLA
878 867 994 896 nom.
1013 868 1136 898 SUNT.
1314 860 1364 896 10
1393 857 1442 896 L.
1461 857 1718 920 Calpurnius
1738 857 1842 897 Piso
1862 857 1992 909 Frugi
2014 857 2111 899 Cos.
2160 881 2162 883 -

396 930 416 966 l
448 927 499 965 P.
518 924 664 977 Scipio
681 925 904 966 Africanus
919 927 1064 979 Major
1079 941 1245 980 procos.
1315 913 1362 949 ῙῙ
1393 911 1456 952 M·
1475 911 1585 951 cam
1605 923 1749 974 seqmr
1770 910 1868 972 (3⁰⁸⁶

393 984 418 1020 2
451 981 511 1019 Μ.
533 980 644 1019 Cato
664 981 881 1020 Uticensis
902 993 1048 1032 propr.
1314 967 1364 1004 ¹2
1395 966 1454 1004 M·
1476 965 1584 1026 cafq
1601 965 1840 1027 Ut¹⁰e.¹¹.⁸'¹⁸‘

393 1037 417 1073 3
448 1034 565 1073 Nero
579 1034 782 1073 Claudius
799 1035 966 1074 Drusus
982 1042 1026 1075 et
1041 1036 1244 1078 Antonia.
1314 1021 1364 1057 13
1397 1018 1447 1058 Ρ·
1471 1019 1614 1069 S⁰¹p¹⁰
1636 1018 1896 1059 AEmssmnus'

392 1090 418 1125 4
450 1087 528 1127 Cn.
547 1088 739 1127 Marcius
763 1088 1030 1129 Coriolanus.
1315 1075 1366 1111 14
1395 1071 1450 1112 P·
1471 1073 1699 1112 mmmmm·

394 1145 417 1179 5
447 1141 510 1180 M.
531 1142 683 1180 Curius
706 1143 922 1181 Dentatus
941 1143 1039 1182 Cos.

392 1197 418 1232 6
448 1194 494 1234 C.
517 1195 686 1235 Fabric.
704 1196 910 1235 Luscinus
932 1197 1029 1236 Cos.
1567 1184 1786 1235 EXTERNA
1806 1186 1932 1215 SUNT.

390 1251 415 1287 7
445 1248 498 1289 Q.
519 1249 651 1287 AElius
665 1250 834 1288 Tubero
855 1251 989 1290 Catus
1011 1250 1107 1291 Cos.
1343 1258 1364 1293 1
1395 1254 1588 1294 Pericles
1608 1254 1899 1305 Atheniensis.

374 1305 418 1340 *8
448 1303 496 1341 L.
516 1303 658 1342 AEmil.
679 1304 841 1342 Paulus
864 1316 1034 1355 procos.
1342 1312 1367 1347 2
1397 1309 1628 1359 Sophocles
1649 1308 1933 1350 Atheniensis.

392 1359 419 1395 9
447 1356 600 1406 Legati
632 1358 752 1395 Rom.
784 1358 837 1398 Q.
874 1358 1031 1397 Fabius
1062 1357 1253 1408 Gurges,
1341 1365 1366 1402 3
1397 1362 1666 1403 Xenocrates
1686 1362 1990 1404 Academicus.

473 1416 520 1471 et
544 1410 596 1449 N.
615 1411 768 1450 Fabius
788 1411 954 1463 Pictor,
975 1418 1019 1451 et
1036 1411 1090 1453 Q.
1112 1410 1248 1463 Ogul·
1338 1419 1364 1455 4
1394 1416 1611 1468 Diogenes
1632 1416 1834 1468 Cynicus.

474 1475 584 1504 nius.

439 1573 679 1626 MAGNA
743 1593 898 1639 cura,
960 1578 1363 1646 praecipuoque
1429 1578 1620 1631 studio
1685 1576 2031 1651 referendum
2093 1581 2195 1640 est,

367 1664 706 1726 quantopere
735 1660 981 1712 libidinis
1006 1668 1059 1712 et
1085 1663 1337 1714 avaritiae
1374 1661 1544 1715 furori
1584 1663 1796 1715 similes
1834 1663 2082 1730 impetus
2119 1663 2194 1715 ab

363 1743 654 1795 illustrium
673 1745 917 1796 virorum
942 1747 1260 1813 pectoribus
1304 1748 1545 1799 consilio
1587 1764 1653 1799 ac
1694 1747 1906 1799 ratione
1934 1746 2198 1798 summoti

367 1829 488 1879 sint.
567 1828 718 1892 Quia
739 1831 957 1882 demum
976 1838 991 1860 ¹
1032 1832 1072 1883 ii
1100 1836 1351 1900 penates,
1375 1850 1444 1885 ea
1470 1833 1688 1895 civitaS,
1711 1831 1769 1883 id
1795 1847 2020 1898 regnum
2039 1836 2197 1883 aeter-

365 1928 438 1963 no
465 1911 524 1963 in
550 1913 722 1978 gradu
758 1914 924 1966 facile
966 1917 1195 1980 steterit,
1236 1918 1331 1969 ubi
1372 1918 1663 1970 minimum
1702 1917 1900 1969 virium
1935 1914 2196 1978 VeneriS,

365 1998 739 2066 pecuniaeque
769 2001 977 2068 cupido
1006 2002 1117 2054 sibi
1139 2002 1519 2055 vindicaverit.
1594 2002 1744 2054 Nam
1768 2017 1880 2069 quo
1898 2005 1919 2028 ²
1954 2000 2079 2052 istae
2104 2016 2198 2066 ge-

364 2082 515 2134 neris
540 2082 764 2136 humani
810 2086 1136 2138 certissimae
1182 2092 1373 2156 pestes
1415 2086 1842 2156 penetraverint,
1884 2085 1965 2137 ibi
1997 2084 2202 2155 injuria

367 2165 702 2233 dominatur,
729 2169 963 2223 infamia
985 2171 1194 2239 flagrat.
1270 2171 1493 2236 Quibus
1535 2172 1751 2240 longius
1787 2170 2027 2223 relictis³
2066 2185 2198 2222 con-

367 2252 566 2305 trarios
583 2260 692 2306 tam
722 2255 858 2308 diris
884 2256 1035 2309 vitiis
1060 2273 1244 2310 mores
1272 2273 1783 2310 commemoremus,
2083 2314 2085 2317 ,

438 2339 488 2388 1.
529 2337 804 2402 Quartum
846 2346 901 2393 et
945 2342 1270 2395 vicesimum
1297 2360 1504 2396 annum
1534 2357 1703 2409 agens
1743 2340 1956 2408 Scipio,
1996 2355 2120 2391 cum
2143 2339 2199 2391 in

369 2420 656 2489 Hispania
682 2423 1013 2492 Carthagine
1039 2443 1332 2495 oppressa,
1370 2427 1598 2497 majoris
1625 2424 2008 2492 Carthaginisa
2045 2424 2200 2492 capi-

370 2505 526 2558 endae
553 2508 848 2561 sumsisset
873 2511 1175 2578 auspicia,⁰
1213 2512 1527 2579 multosque
1555 2507 1829 2572 obsideS,b
1865 2523 2010 2577 quos
2036 2507 2094 2559 in
2132 2523 2200 2559 ea

424 2696 443 2713 α
474 2691 574 2730 Cum
593 2691 864 2742 auspicaretur
882 2693 1069 2743 majorem
1091 2694 1376 2744 Carthaginem
1394 2694 1436 2734 in
1455 2692 1598 2743 Africa
1617 2691 1823 2743 aliquando
1841 2690 2079 2741 capiendam.

1135 2800 1260 2815 ΝΜ
1262 2801 1439 2815 OOOOO

426 2872 445 2907 1
478 2869 581 2910 Vet.
602 2870 691 2915 Qua
709 2871 959 2910 demum-2
988 2870 1120 2911 Liber
1138 2872 1253 2911 Dan.
1274 2870 1396 2910 Leid.
1417 2869 1620 2922 quint.-et
1636 2867 1735 2907 Vet.
1766 2878 1871 2917 quos.
1927 2865 2033 2904 Mox
2069 2862 2127 2902 ibi
2157 2862 2200 2902 in

369 2921 522 2961 iisdem
544 2930 589 2962 et
609 2925 751 2962 multis
775 2924 868 2963 aliis
889 2925 997 2964 Mss.
1020 2923 1238 2966 (ἱερεῖς-3
1267 2925 1341 2964 Ita
1361 2923 1537 2975 Pighius
1558 2934 1611 2960 ex
1629 2920 1764 2960 tribus
1783 2919 1891 2959 Mas.
1947 2916 2112 2958 Quibus
2132 2929 2202 2955 ac·
2272 2935 2273 2938 ¹

370 2975 531 3016 cedunt
550 2977 680 3016 Barb.
699 2978 823 3029 prim.
843 2979 961 3018 Med.
982 2991 1070 3019 sec.
1090 2979 1213 3018 Leid.
1236 2979 1374 3031 quint.
1397 2979 1552 3027 copes.
1585 2975 1656 3027 qui
1691 2974 1842 3024 legunt
1864 2970 2014 3018 QuibuS
2041 2970 2203 3032 reli‘fffi·

369 3030 482 3069 Uitr.
510 3031 636 3082 prim.
669 3033 728 3071 At
761 3033 942 3081 longius.-
971 3033 1144 3072 secund.
1180 3032 1240 3072 At
1269 3033 1425 3083 longius
1453 3031 1591 3081 igitur.
1646 3027 1753 3068 Cod.
1775 3023 2206 3087 Schottipavennbng

369 3082 498 3132 igitur
515 3084 677 3135 linguis.
732 3086 854 3125 Unus
874 3085 1035 3125 Brand.
1056 3098 1162 3126 unus
1184 3087 1337 3127 Rbem.
1357 3086 1449 3126 Bit.
1469 3089 1514 3124 et
1532 3082 1653 3122 Med.
1683 3081 1813 3131 igitur
1843 3081 2000 3130 linguas.
2054 3078 2200 3118 Ceteri

1197 3180 1236 3219 N
1244 3180 1374 3220 OTAE

422 3264 443 3286 ὃ
464 3260 631 3310 Μιῄονῖε
654 3261 930 3313 Carthaginis]
960 3260 1057 3300 Non
1078 3260 1170 3312 ipse
1192 3265 1252 3299 ta·
1322 3261 1356 3299 si
1400 3259 1611 3299 sociorum
1659 3254 1787 3294 liberi
1818 3252 2013 3301 fuissent,
2049 3261 2197 3322 curam

370 3334 466 3362 men
487 3325 643 3363 evertit
664 3324 985 3375 Carthaginem,
1011 3324 1084 3363 sed
1106 3323 1251 3374 Scipio
1321 3321 1638 3375 gessit-Scipio,
1661 3316 1938 3368 acceptisque
1959 3313 2199 3353 nomlmbns

371 3386 620 3426 AEmilianus
634 3386 687 3426 ab
708 3387 820 3426 illius
841 3385 927 3426 filio
950 3387 1197 3439 adoptatus.
1320 3387 1564 3433 civitatum,
1595 3381 1765 3421 nuntios
1797 3379 1929 3427 misit,
1961 3382 2010 3417 ut
2029 3376 2081 3416 ad
2101 3388 2199 3417 suos

426 3447 443 3473 ὓ
464 3449 615 3487 Multos
645 3449 811 3500 obsides]
839 3450 1078 3489 Trecentos
1106 3461 1249 3489 nume-
1321 3450 1500 3502 quisque
1520 3442 1788 3496 recipiendos
1809 3441 1992 3480 veniret.

372 3515 439 3550 rat
461 3511 682 3563 Polybius,
714 3524 890 3565 quorum
916 3512 1026 3552 haud
1049 3514 1173 3553 aliter
1200 3526 1250 3553 ac
