2242 3958
697 309 1008 352 GEN'rlBUS
1051 308 1126 348 ET
1169 307 1474 349 FAMILIIS.

170 432 314 475 fronte
331 434 419 474 lata
437 438 483 474 et
502 436 642 483 torva,
668 431 826 483 capillo
854 441 966 480 raro,
996 440 1047 470 ac

170 497 290 538 circa
308 496 513 536 verticem
536 496 666 548 nullo,
680 495 863 535 hirsutus
875 499 1046 541 cetera3

170 558 335 600 vultum
355 570 456 598 vero
475 565 629 598 natura
655 556 888 607 borridum,
917 555 1048 595 etiam

169 633 225 663 ex
243 620 455 662 industria
473 619 694 672 efferabat,
708 629 965 671 componens
993 617 1046 657 ad

168 687 389 738 speculum
411 687 453 726 in
469 698 635 727 omnem
656 690 864 726 terrorem
885 696 936 724 ac
960 682 1045 724 for·

170 748 404 790 midinem!

222 819 235 838 ‘
265 814 447 858 Claudio
492 813 723 855 auctoritas
770 812 1043 866 dignitasque

167 874 317 919 fortuae
333 889 418 918 non
442 876 594 928 defuit,
614 878 682 917 vel
708 876 855 928 stanti,
883 877 950 916 vel
979 888 1043 916 se-

169 939 304 989 denti,
323 953 373 982 ac
401 941 621 993 praecipue
648 940 915 993 quiescenti;
944 952 1042 979 nam

167 1011 214 1045 et
231 1005 415 1057 prolixo,
436 1017 517 1046 nec
545 1005 648 1047 exili
669 1016 849 1058 corpore
869 1011 981 1054 erat,
999 1010 1045 1045 et

165 1069 312 1120 specie
320 1068 566 1121 canitieque
582 1068 774 1120 pulchra,
788 1068 939 1126 opimis
952 1080 1044 1108 cer-

167 1131 332 1172 vicibus
351 1145 364 1172 2
400 1138 608 1182 ceterum,
647 1137 694 1173 et
730 1132 1043 1185 ingredientem

164 1194 462 1236 destituebant
490 1195 679 1248 poplites
699 1196 838 1236 minus
857 1194 982 1246 firmi,
1000 1201 1045 1235 et

163 1258 339 1299 remisse
358 1258 460 1312 quid
482 1263 527 1299 et
545 1259 659 1300 serio
688 1264 888 1312 agentem
907 1259 1043 1300 multa

1931 295 2002 347 55

1117 428 1487 470 dehonestabant:
1526 427 1633 468 risus
1675 425 1900 476 indecens,
1934 428 2000 467 ira

1117 493 1299 545 turpior,
1325 496 1556 545 spumante
1578 491 1709 540 rictu,
1727 489 1999 530 humentibus

1115 557 1317 606 naribus;
1363 561 1577 608 praeterea
1611 554 1771 606 linguae
1809 553 1998 593 tituban-

1116 622 1191 672 tia,
1221 625 1435 672 caputque
1463 632 1560 660 cum
1603 629 1789 670 semper,
1825 622 1917 657 tum
1955 617 1999 656 in

1113 686 1503 739 quantulocumque
1550 690 1653 726 actu
1708 683 1777 724 vel
1810 683 1995 723 maxime

1114 750 1372 790 tremulum.’

1165 813 1178 835 ‘
1197 813 1315 853 Nero
1334 818 1500 853 statura
1518 811 1601 853 fuit
1618 823 1726 865 pene
1739 811 1880 864 justa,
1898 823 1992 851 cor-

1112 888 1219 929 pore
1265 877 1480 917 maculoso
1527 883 1573 917 et
1619 875 1754 927 foedo,
1801 873 1996 915 subflavo

1111 940 1287 992 capillo,
1323 941 1445 980 vultu
1483 941 1662 992 pulchro
1699 940 1833 992 magis
1869 950 1998 992 quam

1113 1010 1308 1054 venusto,
1348 1004 1482 1044 oculis
1518 1005 1658 1044 caesiis
1692 1008 1737 1044 et
1768 1003 1998 1043 hebetiori-

1112 1067 1209 1117 bus,
1229 1066 1401 1106 cervice
1430 1067 1575 1118 obesa,
1602 1072 1753 1106 ventre
1784 1065 1998 1118 projecto,

1112 1131 1359 1183 gracillimis
1379 1130 1594 1183 cruribus,
1613 1129 1863 1171 valetudine
1884 1140 2001 1181 pros-

1113 1192 1247 1247 pera.'

778 1429 1015 1493 GENS
1079 1429 1376 1492 JUNIA.

214 1573 287 1614 Du
305 1573 436 1616 Junia
454 1575 616 1625 Gente,
635 1575 707 1616 cni
728 1576 855 1617 Bruti
876 1589 1038 1629 cogno·

161 1647 260 1677 men
297 1637 490 1689 adhaesit‚
527 1639 807 1681 Posidonium
841 1641 958 1682 inter
993 1647 1040 1682 et

160 1699 413 1752 Dionysium
446 1714 528 1742 non
547 1704 780 1745 convenit:
813 1705 907 1744 vult
926 1705 1039 1745 enim

158 1761 230 1803 ille
257 1764 370 1815 apud
390 1765 671 1806 Plutarchum
701 1768 749 1807 L.
779 1769 935 1820 Bruto,
965 1769 1038 1821 qui

157 1824 303 1877 Reges
330 1827 490 1880 exegit,
506 1827 636 1869 filium
667 1828 799 1871 fuisse
829 1831 1039 1882 supersti-

158 1893 271 1940 tem3
300 1891 368 1932 bic
387 1897 546 1944 negat:
576 1894 646 1934 cui
677 1906 772 1934 cum
801 1894 1037 1935 assentian-

155 1956 228 1993 tur
246 1955 441 2008 plerique
459 1968 623 2007 omnes,
650 1970 735 1998 non
762 1963 924 1998 temere
943 1957 1036 1998 dix-

154 2016 263 2059 erim
282 2018 495 2071 duplicem
528 2020 660 2062 fnisse
689 2021 914 2063 Juniorum
934 2033 1034 2072 gen-

154 2084 261 2131 tem,
293 2094 421 2123 unam
449 2083 700 2134 Pati-iciam,
730 2084 941 2136 plebeiam
974 2085 1033 2123 al·

155 2148 322 2194 εει-ειυς
353 2151 578 2199 utramque
610 2147 811 2197 nobilem,
830 2147 943 2187 illam
963 2159 1034 2186 ex-

155 2209 288 2260 pulsis
319 2211 526 2264 Regibus,
555 2213 664 2252 banc
697 2213 841 2252 occiso
871 2213 921 2251 C.
939 2212 1033 2252 Cae-

154 2282 266 2312 sare.
332 2273 525 2314 Patricia
561 2274 693 2314 desiit
729 2275 772 2314 in
810 2276 856 2314 L.
894 2276 1033 2314 Bruto

153 2333 292 2386 primo
311 2335 512 2389 Consule,
529 2338 602 2390 qui
620 2337 743 2385 filios,
773 2338 887 2391 quod
916 2337 1035 2378 fave-

150 2401 248 2437 rent
261 2398 515 2451 Tarquiniis,
544 2401 684 2440 securi
718 2402 887 2453 percuti
898 2402 1035 2453 jussit

150 2470 263 2500 anno
281 2461 411 2502 Urbis
429 2465 524 2503 244.
580 2463 774 2504 Plebeiae
789 2466 923 2504 multa
941 2464 1031 2505 fue-

151 2529 255 2564 runt
299 2527 568 2579 cognomina,
620 2528 773 2579 Bruti3
831 2529 1031 2581 Bubulci,

152 2585 346 2639 Callaici,
362 2589 570 2642 Norbani,
589 2592 745 2642 Penni,
765 2593 906 2644 Perae,
929 2593 1030 2633 Pul-

149 2648 197 2700 li,
215 2649 393 2703 Scaevae,
414 2658 460 2693 et
479 2653 628 2706 Silani,
643 2667 819 2707 quorum
849 2657 1030 2696 clarissi-

152 2723 244 2752 mos
263 2726 454 2768 quosque
474 2717 666 2758 breviter
694 2719 907 2761 indicasse
925 2721 1030 2761 satis

148 2774 247 2816 erit.

204 2838 243 2879 E
273 2839 412 2881 Juniis
437 2841 569 2883 Peris
602 2843 687 2884 duo
717 2844 905 2885 illustres
934 2844 1028 2886 fue-

148 2907 278 2954 runt3
309 2905 419 2944 alter
437 2906 640 2947 Decimus
664 2909 898 2949 Consulatu
918 2921 1028 2950 anno

147 2966 246 3004 487.
266 2971 312 3005 et
331 2967 384 3006 de
405 2968 636 3021 Messapiis
658 2972 884 3022 trumph03
917 2973 1028 3012 alter

149 3026 324 3068 Marcus
359 3030 592 3072 Consulatu
624 3046 734 3074 anno
767 3038 863 3075 523.
917 3036 1027 3076 Cen-

146 3102 264 3143 sura,
284 3098 329 3133 et
348 3094 600 3136 Dictatura.
657 3097 695 3137 E
727 3097 890 3138 Pennis
917 3111 1024 3139 unus

148 3153 324 3196 Marcus
358 3157 516 3198 Consul
551 3171 662 3199 anno
696 3163 792 3201 586.
833 3173 856 3200 e
890 3160 1025 3202 Pullis

146 3214 305 3258 Lucius
345 3232 454 3260 anno
491 3226 586 3263 504.
625 3223 699 3276 qui
736 3224 790 3264 ob
826 3226 1028 3278 neglecta

144 3280 338 3332 auspicia
355 3285 534 3325 classem
555 3288 697 3327 amisit
714 3301 726 3337 ;
746 3300 770 3327 e
794 3289 1027 3342 Norbanis,

144 3341 276 3383 Caius
306 3358 417 3387 anno
445 3352 540 3390 670.
572 3351 644 3403 qui
682 3363 707 3390 a
741 3352 857 3403 Sylla
887 3354 1028 3394 victus

147 3408 239 3454 θεῖς
275 3418 300 3447 e
333 3409 535 3451 Bubulcis
572 3412 657 3453 dno
696 3415 788 3454 Caii
825 3421 953 3467 pater
978 3423 1028 3458 et

145 3465 275 3519 filius,
315 3471 388 3513 ille
421 3476 556 3516 tribus
584 3477 887 3519 Consulatibus
915 3494 1027 3522 anno

145 3534 240 3573 436.
267 3537 362 3577 440.
380 3542 475 3581 442.
496 3541 659 3583 duabus
680 3544 940 3597 Dictaturis,
960 3553 1023 3587 to-

1107 1576 1242 1617 tidem
1287 1575 1516 1628 triumphis
1553 1575 1608 1615 de
1647 1573 1912 1615 Samnitibus
1947 1578 1995 1613 et

1106 1640 1273 1693 AEquis,
1306 1640 1586 1691 Censuraque
1623 1638 1898 1688 clarissimus,
1924 1636 1995 1676 hic

1107 1701 1269 1754 duplici
1298 1702 1534 1743 Consulatu
1564 1713 1674 1741 anno
1698 1704 1792 1740 462.
1823 1706 1869 1740 et
1895 1702 1993 1740 467.

1106 1772 1151 1807 et
1171 1767 1224 1806 de
1244 1767 1426 1807 Lucanis
1448 1766 1662 1817 triumpho
1681 1764 1874 1816 insignis.

1159 1833 1232 1872 Ita
1247 1830 1472 1872 confusum
1487 1831 1714 1873 Juniorum
1731 1834 1926 1878 stemma,
1945 1832 1994 1867 ut

1106 1895 1277 1936 Decimi
1297 1902 1342 1935 et
1361 1895 1502 1934 Marci
1522 1895 1773 1944 Brutorum,
1789 1892 1863 1945 qui
1882 1891 1923 1931 in
1943 1891 1994 1932 C.

1105 1959 1319 1999 Caesarem
1350 1959 1672 2012 conspirarunt,
1708 1961 1908 2010 parentes
1936 1969 1992 1996 ex

1106 2023 1243 2062 Fastis
1295 2023 1367 2062 vix
1406 2021 1614 2074 assignari
1655 2021 1839 2073 possint.
1902 2019 1989 2059 De-

1102 2086 1202 2125 cimi
1222 2097 1326 2124 avus
1345 2084 1442 2136 fuit,
1474 2091 1523 2124 ut
1551 2091 1619 2124 est
1649 2085 1917 2135 conjectura,
1955 2094 1991 2123 1.

1101 2148 1306 2188 Decimus
1323 2148 1395 2187 ille
1422 2149 1603 2198 Brutus,
1633 2148 1705 2199 qui
1738 2146 1898 2186 Consul
1919 2157 1992 2185 an-

1101 2225 1156 2251 no
1194 2215 1288 2253 615.
1329 2218 1375 2251 et
1411 2211 1649 2251 Proconsul
1685 2210 1914 2250 Lusitanos
1944 2215 1989 2250 et

1104 2275 1313 2315 Callaecos
1334 2275 1386 2313 ad
1408 2286 1614 2314 oceanum
1646 2284 1781 2324 usque
1807 2272 1870 2311 ita
1890 2284 1988 2324 per-

1103 2338 1283 2388 domuit,
1322 2345 1369 2378 ut
1398 2338 1500 2377 inde
1529 2343 1574 2377 et
1607 2336 1811 2388 triumphi
1840 2336 1987 2388 decus,

1103 2409 1149 2442 et
1165 2402 1348 2442 Callaici
1370 2413 1606 2454 cognomen
1627 2401 1841 2440 retulerit.
1855 2401 1989 2440 Pater

1101 2478 1154 2506 11.
1182 2466 1385 2506 Decimus
1434 2466 1594 2506 Consul
1632 2476 1742 2503 anno
1779 2467 1875 2505 676.
1923 2465 1992 2503 vir

1101 2529 1242 2569 literis
1261 2529 1430 2569 Graecis
1452 2529 1583 2581 juxta
1615 2534 1661 2568 et
1694 2528 1859 2568 Latinis
1889 2539 1985 2568 eru-

1100 2594 1232 2635 ditus.
1261 2605 1337 2633 111.
1370 2593 1473 2644 Ipse
1499 2593 1707 2633 Decimus
1743 2604 1770 2631 a
1802 2592 1987 2632 Postha-

1098 2657 1184 2697 mio
1207 2652 1365 2696 Albino
1381 2656 1614 2708 adoptatus
1634 2669 1658 2695 a
1679 2657 1862 2696 Caesaris
1888 2668 1984 2708 par-

1097 2720 1214 2759 tibus
1242 2719 1384 2769 stetit,
1414 2719 1537 2771 cujus
1570 2721 1737 2771 legatus
1772 2720 1815 2759 in
1843 2719 1987 2759 Gallia

1097 2782 1267 2824 fuerat:
1299 2789 1399 2835 post
1433 2784 1545 2822 illius
1580 2784 1746 2823 caedem
1778 2783 1852 2823 diu
1884 2784 1984 2823 Mu-

1099 2847 1201 2886 tinae
1221 2847 1274 2886 ab
1296 2847 1485 2886 Antonio
1513 2847 1737 2897 obsessus;
1774 2847 1827 2887 ab
1849 2846 1983 2887 Octa-

1096 2911 1166 2950 vio
1195 2910 1367 2963 quidem
1396 2910 1604 2951 liberatus
1634 2917 1715 2962 est,
1747 2911 1823 2950 sed
1853 2910 1982 2962 paulo

1096 2980 1196 3026 post
1231 2974 1428 3014 desertus
1460 2987 1487 3014 a
1523 2975 1610 3014 suis
1642 2975 1696 3014 ad
1736 2973 1980 3028 Aquileiam

1087 3041 1211 3092 jussu
1232 3039 1412 3080 Antonii
1432 3039 1700 3081 interficitur.

1147 3104 1290 3143 Marci
1324 3116 1427 3143 vero
1460 3107 1585 3156 pater
1615 3098 1699 3143 fuit
1732 3114 1782 3143 11.
1805 3102 1979 3142 Marcus

1094 3168 1268 3208 Decimi
1315 3181 1426 3208 anno
1479 3172 1575 3208 676.
1632 3167 1842 3216 Consulis,
1893 3167 1977 3207 nisi

1094 3229 1224 3271 falsus
1256 3244 1365 3280 snm,
1396 3230 1548 3280 frater,
1579 3231 1651 3283 qui
1672 3232 1843 3269 Praetor
1874 3229 1980 3269 Gal-

1096 3295 1196 3334 liam
1214 3295 1476 3346 Cisalpinam
1502 3294 1670 3333 nomine
1691 3292 1847 3344 Lepidi
1868 3293 1979 3333 Con-

1097 3359 1197 3397 sulis
1228 3370 1324 3397 cnm
1358 3361 1629 3408 occupasset,
1651 3357 1878 3396 Mutinaea
1897 3357 1976 3397 Cn.

1097 3423 1305 3473 Pompeio
1325 3422 1537 3469 obsessus,
1558 3426 1690 3470 metu,
1710 3432 1765 3460 ne
1793 3433 1818 3459 a
1837 3433 1882 3460 se
1903 3420 1975 3460 de·

1096 3485 1280 3525 ficei-ent
1313 3485 1484 3534 milites,
1511 3495 1557 3522 se
1592 3495 1752 3535 suaque
1783 3484 1843 3523 illi
1875 3496 1971 3535 per-

1090 3549 1219 3599 misit,
1243 3548 1364 3598 cujus
1395 3553 1538 3586 tamen
1568 3546 1748 3599 imperio
1769 3547 1970 3587 continuo
