2352 4022
774 836 1251 912 VALERII
1341 839 1778 915 ΜΑΧΙΜΙ

378 1052 817 1118 FAcToRUM
881 1065 1479 1131 DICTORUMQUE
1540 1062 2186 1119 MEMORABILIUM

1066 1282 1342 1343 LIBER
1403 1282 1495 1342 ΙΙ.

1464 1505 1607 1512 *-

1144 1685 1317 1738 CAP.
1359 1687 1408 1740 I.

379 1809 491 1862 DE·
520 1809 1242 1865 MATRIMONIORUM
1283 1812 1514 1866 RITU¹
1574 1813 1674 1866 ET
1727 1803 2191 1868 NECESSITU-

948 1896 1225 1951 DINUM
1265 1897 1630 1952 OFFICIIS.

402 2035 421 2070 l
454 2031 714 2083 Nuptiarum
731 2033 938 2085 auspicia.
1342 2040 1369 2076 6
1398 2035 1645 2087 Conjugalis
1663 2035 1902 2076 concordia.

400 2089 426 2124 2
454 2085 604 2137 Epulae
625 2099 700 2126 seu
717 2087 928 2127 convivia.
1342 2093 1368 2129 7
1396 2090 1653 2129 Verecunda
1669 2089 2031 2141 consanguinitas.

400 2142 423 2178 3
453 2139 732 2180 Matrimonia
763 2152 849 2180 non
882 2145 1129 2194 repetentes
1162 2141 1249 2182 lau·
1344 2146 1370 2182 8
1402 2142 1628 2182 Charistia.

481 2192 611 2233 datae.
1344 2200 1371 2235 9
1397 2196 1608 2236 Senectus
1623 2196 1844 2236 honorata.

400 2249 426 2284 4
455 2246 646 2286 Primum
667 2246 903 2299 repudium.
1319 2252 1371 2289 10
1397 2250 1613 2292 juventus
1633 2250 1878 2300 observata,
1905 2249 2194 2302 exemplisque

401 2303 425 2338 5
455 2300 783 2341 Matrimonialis
802 2301 979 2342 libertas
999 2313 1048 2341 ac
1069 2301 1216 2343 decor.
1424 2303 1647 2343 instructa.

377 2426 599 2500 Dwns
641 2453 695 2500 et
731 2454 1048 2518 praepotens
1093 2449 1327 2505 Naturae
1353 2467 1576 2519 regnum
1613 2454 1912 2513 scrutatUS,
1951 2449 2193 2518 injiciam

378 2532 583 2600 stylum
602 2538 621 2561 2
667 2538 786 2584 tam
810 2539 1009 2587 nostrae
1035 2535 1186 2587 urbis
1211 2552 1376 2603 quam
1403 2539 1702 2588 ceterarum
1728 2534 1968 2601 gentium
1993 2534 2195 2601 priscis

380 2633 447 2667 ac
475 2617 922 2670 memorabilibus
946 2619 1226 2672 institutis.
1302 2620 1466 2688 Opus
1493 2623 1606 2672 est³
1647 2620 1795 2671 enim
1812 2618 2073 2686 cognosci
2096 2618 2195 2669 hu-

368 2699 532 2765 jusce
559 2703 706 2766 vitae,
730 2718 899 2770 quam
924 2704 1026 2756 sub
1054 2705 1263 2773 optimo
1288 2705 1539 2773 principe
1562 2703 1776 2756 felicem
1802 2703 2032 2770 agimus,
2044 2719 2194 2770 quae-

379 2801 508 2837 nam
534 2785 733 2839 fuerint
758 2787 1045 2852 elementa,
1083 2794 1144 2841 ut
1183 2805 1371 2841 eorum
1395 2805 1618 2858 quoque
1642 2792 1930 2856 respectus
1954 2803 2196 2854 praesen-

378 2870 531 2922 tibus
560 2871 769 2939 aliquid
790 2872 1033 2925 moribus
1054 2874 1270 2942 prosit.⁰

434 3043 454 3062 α
482 3037 696 3088 Postquam
713 3038 863 3077 ostendi
880 3049 1068 3078 summam
1082 3042 1312 3090 potestatem
1329 3042 1481 3078 naturae
1497 3037 1634 3078 divitis
1656 3036 1701 3076 in
1715 3035 1915 3085 faciendis
1940 3041 1979 3078 et
2002 3035 2199 3088 prodigiis

383 3090 650 3141 aminiculis,
665 3092 752 3141 jam
769 3091 935 3131 scribere
949 3092 1134 3143 incipiam
1150 3093 1336 3132 imtituta
1353 3096 1484 3132 vetera
1501 3097 1540 3131 et
1557 3095 1770 3131 memoratu
1787 3090 1927 3141 digna,
1955 3095 2038 3130 tam
2054 3094 2197 3129 nostra»

383 3144 572 3195 civitatis,
597 3157 710 3195 quam
727 3145 892 3184 aliorum
907 3146 1155 3196 populorum.-
1183 3159 1275 3185 nam
1290 3158 1415 3197 operae
1429 3146 1602 3197 pretium
1620 3148 1694 3195 est,
1722 3148 1765 3183 ut
1794 3155 2066 3194 cognoscamus
2093 3155 2195 3204 ηια-

382 3209 475 3235 nam
496 3196 655 3245 fuerint
681 3197 897 3250 primordia
929 3199 1084 3248 hujusce
1110 3199 1219 3247 vitae,
1245 3211 1362 3250 quam
1378 3200 1537 3248 felicem
1562 3199 1738 3238 ducimus
1770 3197 1842 3237 sub
1870 3196 2025 3236 Tiberio
2053 3200 2198 3247 optumo

386 3250 587 3303 Principe,
614 3255 659 3291 ut
677 3252 934 3291 consideratio
951 3252 1108 3292 illorum
1123 3252 1402 3304 principiorum
1414 3253 1541 3304 prosit
1557 3263 1701 3303 quoque
1717 3250 1884 3290 moribus
1895 3253 2034 3288 nostrae
2051 3251 2196 3290 aetatis.

1146 3372 1169 3386 O
1175 3372 1423 3388 NWO‘

443 3454 464 3490 1
494 3449 564 3489 Sic
583 3449 684 3491 Vat.
707 3452 783 3492 sed
803 3453 938 3493 ceteri
956 3451 1063 3504 fere,
1093 3454 1158 3493 De
1179 3455 1381 3495 Institutis
1401 3453 1603 3505 Antiquis,
1631 3450 1743 3504 quod
1775 3461 1902 3490 unum
1932 3451 2062 3501 caput
2086 3460 2199 3488 com-

388 3504 594 3556 plectitur
619 3506 748 3544 etiam
783 3506 969 3559 quinque
1003 3508 1252 3559 sequentia:
1282 3508 1529 3549 extenditur
1561 3507 1688 3546 etiam
1723 3516 1855 3556 usque
1888 3503 1940 3542 ad
1972 3501 2094 3563 iliu-d,-
2119 3513 2202 3562 §1¹1⁰

389 3558 530 3609 agitur
563 3558 626 3598 De
653 3559 874 3611 Disciplina
905 3559 1110 3608 Militum&
1149 3561 1210 3603 sic
1245 3562 1343 3603 edd.
1382 3564 1569 3602 vett.—2
1597 3558 1798 3599 Sambuci
1843 3556 1997 3607 codex,
2035 3554 2200 3595 minabo
