2346 3952
392 255 462 307 20
947 269 1025 307 nu
1065 268 1337 307 VAnsmo
1378 266 1634 304 MAleo

392 384 528 438 tulis
572 384 881 448 convenire,
925 385 1021 451 qui
1063 383 1309 436 nondum
1348 389 1536 435 tenent
1586 382 1807 434 dicendi
1850 383 2109 449 regulam,
2150 386 2206 434 et

395 470 662 522 deteriora
684 470 868 534 citius,
887 486 1052 538 quam
1075 484 1209 520 sana
1233 474 1290 519 et
1314 473 1461 520 recta
1486 469 1783 520 imitantur.
1857 467 1959 519 Est
1982 466 2206 534 quidem

394 555 529 606 nihil
555 571 716 621 aeque
752 555 972 606 salubre
999 569 1065 605 ac
1090 553 1431 620 frugiferum,
1474 569 1642 621 quam
1669 552 1847 603 omnis
1873 552 2087 618 generis
2111 566 2207 602 ex—

394 640 591 707 empla,
614 641 816 707 quibus
835 639 1003 691 vitam
1041 637 1317 700 informeS,
1344 641 1475 688 nota
1509 637 1712 688 habere
1740 640 1794 687 et
1817 635 2133 698 observata,
2157 639 2211 686 et

395 725 503 775 isto
543 723 763 774 nomine
802 721 1017 788 egregie
1058 720 1127 772 de
1163 721 1310 772 omni
1354 724 1519 772 aetate
1558 719 1783 771 meritus
1807 717 2068 770 Valerius
2091 722 2208 770 est:

397 808 669 875 refertque
695 806 994 874 plurimum
1035 821 1160 857 eum
1199 809 1423 869 extare3
1462 803 1560 855 sed
1600 803 1902 855 dictionem
1946 801 2098 870 quod
2129 806 2211 854 at·-

399 892 548 956 tinet,
576 891 856 944 fatendum
880 890 1136 958 equidem
1165 896 1268 952 est,
1293 905 1471 957 neque
1496 892 1638 940 terse
1665 904 1791 939 eum
1814 887 2022 955 ubique
2049 887 2212 949 satiS‚

400 976 500 1028 sed
526 975 776 1027 affectate
805 990 959 1042 saepe
1002 978 1056 1026 et
1090 973 1286 1042 putide
1309 973 1482 1040 loqui,
1510 971 1770 1041 quodque
1799 970 2086 1035 HoratiuS,
2112 970 2211 1034 ait,

399 1064 415 1086 ‘
435 1060 610 1110 nubes
636 1063 690 1110 et
714 1059 897 1110 inania
922 1057 1186 1126 captare.'

404 1226 545 1278 Dan.
575 1224 849 1276 Heinsius
877 1223 949 1276 ad
973 1222 1342 1291 Anonymum,
1371 1222 1553 1290 Epist.
1594 1221 1662 1272 T.
1691 1234 1756 1272 11.
1782 1237 1842 1288 p.
1860 1221 1988 1273 453.
2010 1237 2063 1272 n.
2089 1220 2216 1274 230.

862 1326 896 1361 a
921 1307 1007 1360 Cl.
1036 1309 1103 1361 P.
1129 1308 1444 1360 Burmanno
1471 1306 1754 1358 editarum.

473 1433 840 1501 Aliquamdiu
866 1439 1050 1485 autem
1090 1434 1159 1485 iis
1186 1432 1592 1495 abstinendum,
1631 1446 1775 1499 quos
1803 1429 2215 1482 declamatoriae

407 1519 634 1587 argutiae
660 1518 1063 1580 commendant,
1090 1522 1145 1569 et
1169 1517 1267 1585 qui
1309 1532 1477 1584 quam
1519 1514 1840 1582 longissime
1882 1514 1953 1565 ab
1979 1529 2044 1564 ea
2067 1514 2217 1581 puri-

403 1610 514 1656 tate
540 1604 754 1654 absunt.
829 1602 975 1654 Inter
1014 1617 1154 1669 quos
1203 1599 1513 1662 Valerium,
1553 1599 1878 1665 scriptorem
1916 1596 2058 1648 alias
2098 1597 2220 1648 exi-

401 1688 587 1746 mium,
613 1685 779 1737 fuisse
799 1691 854 1737 et
881 1702 983 1752 ego
1013 1684 1268 1753 judicavi
1296 1699 1531 1750 semper,
1575 1699 1675 1734 nec
1700 1688 1785 1745 tu,
1828 1686 1983 1750 pute,
2028 1697 2217 1748 negaS‚

402 1788 636 1839 quaeque
659 1770 755 1822 alii
778 1770 836 1821 in
861 1786 927 1822 eo
953 1770 1180 1837 culpent
1203 1773 1348 1821 recte
1375 1767 1677 1821 annotasti.

598 1936 635 1988 J
643 1952 775 1988 anus
800 1935 1154 2002 RutgersiuS‚
1181 1933 1319 1985 Var.
1347 1932 1503 1986 Lect.
1530 1933 1655 1986 Lib.
1681 1947 1764 1985 vl.
1790 1950 1915 2002 cap.
1939 1933 2027 1986 16.

480 2061 757 2126 Legebam
781 2059 870 2109 his
898 2059 1093 2111 diebus
1115 2058 1405 2111 Valerium
1432 2058 1769 2111 Maximum.
1833 2058 1961 2111 Non
1985 2061 2071 2110 est
2087 2056 2223 2109 mihi

407 2161 651 2212 unquam
675 2144 857 2196 verius
884 2143 1097 2195 dixisse
1122 2143 1276 2195 visus
1302 2143 1339 2195 J
1345 2142 1586 2210 osephus
1611 2143 1886 2210 Scaliger,
1901 2159 2071 2211 quam
2098 2160 2223 2197 cum

411 2245 534 2280 eum
559 2230 806 2295 ineptum
828 2229 1115 2279 verborum
1141 2232 1195 2279 et
1214 2227 1608 2280 sententiarum
1633 2227 2003 2279 affectatorem
2029 2229 2226 2295 appel-

410 2313 572 2365 lavit.
646 2312 771 2364 Nec
797 2312 987 2378 ignoro
1015 2312 1171 2362 illum
1216 2328 1250 2363 a
1288 2311 1624 2379 quibusdam
1659 2311 1799 2363 tanti
1823 2311 1961 2372 fieri,
2004 2315 2065 2362 ut
2105 2310 2226 2379 ejus

412 2396 631 2448 dicendi
656 2396 926 2447 rationem
951 2396 1176 2447 unicam
1201 2395 1535 2462 eloquentiae
1578 2410 1828 2446 normam
1853 2399 2084 2462 putent3
2122 2409 2224 2463 ego

413 2486 597 2533 tamen
622 2481 780 2532 aliter
808 2481 1005 2532 sentire
1030 2497 1144 2532 non
1168 2496 1413 2548 possum,
1458 2480 1674 2547 quoties
1719 2478 1957 2546 ineptias
1982 2478 2133 2543 illas,
2169 2485 2228 2532 et

410 2581 537 2616 vere
564 2564 788 2631 putidas
808 2565 1094 2615 verborum
1111 2564 1444 2630 quisquilias
1464 2563 1709 2625 memini,
1724 2568 1789 2613 ut
1815 2579 1940 2615 cum
1957 2562 2226 2615 theatrum

411 2649 648 2699 ‘urbana
684 2646 898 2700 castra'
935 2652 1125 2700 vocat:
1167 2651 1183 2675 ‘
1206 2648 1507 2700 Proximus
1549 2648 1881 2699 militaribus
1918 2646 2224 2710 institutiS,'

415 2733 613 2799 inquit,
652 2735 667 2758 ‘
689 2732 761 2784 ad
786 2734 995 2784 urbana
1021 2738 1224 2796 castra,
1251 2733 1311 2784 id
1336 2738 1421 2784 est
1445 2733 1678 2793 theatra,
1711 2731 1912 2797 gradus
1935 2729 2226 2782 faciendus

415 2822 503 2867 est
519 2815 550 2868 ε’
586 2819 640 2867 et
666 2816 792 2868 Lib.
822 2830 912 2866 111.
945 2832 1068 2884 cap.
1096 2815 1149 2868 8.
1189 2816 1436 2868 Socratis
1464 2821 1646 2868 autem
1683 2817 1699 2840 ‘
1718 2812 1995 2866 virilitatis
2033 2815 2228 2866 robore

415 2900 682 2966 palliatus
709 2902 924 2952 animus
943 2901 976 2952 :'
1015 2905 1068 2952 et
1093 2900 1162 2951 de
1190 2917 1324 2952 cane
1350 2900 1413 2952 L.
1442 2900 1611 2952 Pauli
1647 2915 1761 2950 non
1803 2897 1962 2950 aliter
1987 2914 2154 2965 quam
2179 2898 2228 2950 si

418 2981 487 3033 de
515 2999 756 3034 excessu
784 2984 854 3035 D.
886 2982 1128 3049 Augusti
1151 2984 1498 3051 loqueretur:
1526 2987 1542 3010 ‘
1565 2983 1904 3035 Decesserat
1928 2987 2107 3034 autem
2132 2997 2228 3034 ca-

418 3067 605 3129 tellus,
633 3083 795 3133 quem
822 3067 1008 3134 puella
1033 3067 1089 3117 in
1113 3067 1334 3118 deliciis
1361 3067 1623 3129 habebat,
1662 3067 1877 3118 nomine
1906 3065 2082 3117 Persa
2101 3063 2134 3116 ε’
2177 3070 2232 3117 et

421 3150 547 3202 Lib.
579 3164 660 3200 lv.
687 3167 814 3217 cap.
839 3150 891 3201 6.
935 3151 983 3202 si
1011 3151 1254 3217 antiquis
1278 3151 1437 3203 libris
1463 3151 1604 3203 fides
1642 3149 1893 3202 habenda
1927 3153 2049 3201 est:
2087 3148 2231 3202 Sunt

421 3236 438 3260 ‘
463 3239 517 3284 et
542 3234 826 3300 alienigeni
866 3235 1070 3286 amoris
1110 3235 1314 3285 cineres
1359 3236 1473 3286 usti
1515 3235 1850 3287 obscuritate
1891 3232 2228 3299 ignorantiae,

420 3333 535 3368 non
561 3320 743 3371 obruti
758 3318 790 3372 ι’
825 3324 880 3371 et
915 3319 1065 3371 mille
1101 3320 1251 3382 talia,
1278 3335 1503 3387 quorum
1549 3319 1736 3380 taedio,
1775 3333 1938 3384 paene
1977 3316 2228 3378 dixerim,

422 3407 683 3453 enecatus
709 3419 847 3456 sum.
898 3402 1010 3455 Sed
1036 3404 1281 3455 ducebar
1307 3419 1492 3455 rursus
1518 3408 1602 3456 tot
1624 3403 1916 3454 illustrium
1944 3399 2229 3468 exemplo-
