2346 3952
956 318 1324 359 NOMINIBUS.

228 449 457 501 Proculus,
510 449 748 503 Vopiscus3
805 453 851 490 et
900 450 1104 490 nonnulla

229 515 481 565 cognomina
497 513 540 552 in
556 514 818 565 praenomina
836 526 846 552 τ
869 519 915 552 ut
932 512 1103 565 Cossus,

228 578 415 627 Drusus,
434 578 575 628 Julns,
596 578 729 628 Nero,
751 577 926 624 Paulus,
941 580 1022 616 &c.

283 640 481 681 Infinitus
501 654 582 694 ego
613 642 709 690 sim,
743 639 779 680 si
806 639 917 679 unde
940 640 1104 690 singula

226 704 488 756 singularum
519 705 712 758 gentium
745 703 918 743 nomina
956 710 1105 754 petan-

227 771 316 817 tur,
336 769 554 820 sigillatim
572 779 818 820 persequar.
876 768 1023 809 Quare
1037 779 1102 806 sa-

227 830 311 870 tius
331 831 468 871 visum
494 836 560 871 est
579 841 740 871 summa
767 834 936 869 tantum
958 831 1104 881 capita

226 894 416 936 breviter
447 894 654 944 indicare,
692 899 742 933 ut
777 905 922 932 earum
961 904 1103 932 rerum

225 958 470 1011 intelligens
491 959 625 998 lector
643 969 697 996 ex
715 957 781 1008 iis,
796 968 897 1008 quas
911 956 1102 1007 appella-

225 1023 295 1074 bo,
316 1023 478 1075 paucis,
510 1021 564 1062 de
595 1021 687 1061 aliis
719 1020 932 1072 conjicere
954 1020 1101 1071 possit.

225 1084 325 1126 Alia
342 1085 472 1138 igitur
490 1085 678 1138 gentium
708 1083 879 1123 nomina
900 1095 924 1122 a
955 1082 1101 1133 Troja-

224 1148 289 1188 nis
308 1155 353 1189 et
373 1148 678 1201 Aboriginibus
704 1147 932 1198 ducuntur,
953 1156 1002 1186 ut
1022 1146 1102 1185 Fa-

224 1211 284 1253 bii
305 1225 330 1252 a
348 1213 498 1261 Fabio,
519 1211 625 1254 Julii
659 1210 712 1251 ab
741 1210 869 1250 Iulo:
922 1221 1102 1261 quorum

219 1276 333 1316 alter
351 1277 565 1328 Herculis,
586 1277 695 1316 alter
714 1274 858 1314 AEneae
880 1273 987 1313 filius
1002 1272 1100 1314 fuit.

223 1339 324 1379 Alia
344 1339 398 1379 ab
415 1339 554 1391 Italis,
575 1344 623 1379 ut
644 1338 898 1390 Calphurnii
919 1350 944 1378 a
965 1338 1100 1389 Calpo

225 1402 379 1443 Numae
398 1402 513 1452 fllio3
550 1414 573 1442 a
593 1401 942 1454 praenominibus,
975 1401 1099 1441 Luci-

220 1465 270 1506 lii
286 1479 312 1506 a
331 1467 489 1516 Luci03
524 1479 549 1506 a
567 1465 716 1506 Manio
747 1464 938 1504 Manilii:
983 1477 1008 1504 a
1026 1475 1100 1503 no-

220 1529 419 1580 minibus,
441 1528 610 1569 Sextilii
631 1542 655 1568 a
681 1527 868 1568 Sextiis:
901 1540 924 1567 a
942 1539 1101 1579 cogno-

219 1591 418 1643 minibus,
451 1591 586 1631 Rutili
620 1603 646 1631 a
679 1591 826 1631 Rutilo
844 1605 856 1640 3
905 1603 930 1630 a
966 1591 1100 1631 Fulvo

221 1655 387 1694 Fulvii:
419 1655 471 1695 ab
494 1654 680 1707 oppidis,
699 1653 925 1707 Tarquinii
947 1665 971 1693 a
991 1654 1098 1693 Tar-

219 1717 402 1771 quiniis:
433 1730 458 1758 a
481 1716 845 1770 quadrupedibus,
878 1722 969 1757 uta
1000 1730 1098 1770 por·

219 1780 282 1820 cis
302 1780 475 1830 Porcii;
504 1780 557 1820 ab
576 1780 704 1821 asinis
724 1780 861 1820 Asinii
881 1793 891 1821 :
918 1781 1098 1820 aminis-

219 1844 345 1896 terio,
363 1849 412 1884 ut
430 1843 625 1884 Flaminii
645 1856 655 1883 :
687 1857 712 1883 a
732 1856 838 1884 voce
862 1845 1021 1897 aliqua,
1051 1850 1099 1885 ut

218 1906 391 1948 Octavii
425 1907 478 1947 ab
514 1913 686 1948 octavo.
762 1908 863 1947 Non
911 1909 1096 1949 alienum

216 1969 302 2010 erit
335 1970 405 2011 hic
439 1976 660 2022 annotare,
698 1972 839 2011 omnia
875 1971 968 2012 fere
1004 1972 1097 2013 haec

216 2035 390 2076 nomina
407 2035 450 2075 in
471 2035 533 2075 ius
551 2035 760 2088 desinere,
793 2043 840 2075 ut
861 2036 1100 2088 Cornelius,

215 2098 383 2150 Julius3
425 2099 460 2138 si
476 2099 677 2152 vquinque
707 2101 961 2153 exceperis3
1003 2102 1098 2142 Cae-

1979 309 2051 362 27

1172 441 1315 492 cinna,
1362 437 1609 491 Norbanus,
1650 439 1908 490 Peducaeus,
1944 441 2051 481 Per-

1173 517 1324 557 perna,
1355 510 1403 545 et
1435 504 1683 556 Poppaeus3
1725 517 1820 557 quae
1852 505 1983 545 etiam
2004 510 2051 544 ut

1172 569 1386 608 nonnullis
1433 569 1593 621 placet,
1621 580 1706 608 non
1744 567 1930 621 nomina,
1975 567 2051 608 sed

1172 632 1439 684 cognomina,
1457 631 1648 673 fuerunt.

1228 696 1493 747 Cognomina
1510 695 1768 736 familiarum
1790 695 1861 735 alii
1882 694 2052 735 aliunde

1173 763 1394 811 repetunt,
1422 773 1515 812 quae
1538 765 1696 811 tamen,
1724 766 1772 799 ut
1792 770 1882 799 rem
1904 758 2051 810 paucis

1173 826 1416 877 expediam,
1434 826 1487 865 ad
1519 825 1602 866 tria
1621 825 1743 877 qnasi
1762 824 1908 877 capita
1930 835 2052 864 revo-

1172 891 1262 929 cari
1284 894 1489 941 possunt:
1534 889 1596 929 ita
1629 896 1678 930 ut
1709 889 1864 939 alia-ab
1896 889 2051 939 animo,

1171 953 1255 992 alia
1272 965 1296 992 a
1315 965 1511 1004 corpore,
1544 953 1626 992 alia
1657 966 1682 993 a
1700 953 1873 993 fortuna
1891 952 2053 992 ducan-

1171 1025 1255 1057 tur.
1311 1015 1382 1056 Ad
1401 1017 1586 1056 animum
1606 1029 1706 1057 vero
1725 1017 1947 1069 pertinent
1965 1017 2051 1056 vir-

1171 1087 1304 1131 tutes,
1345 1093 1503 1131 mores,
1539 1082 1693 1131 oratio,
1729 1086 1859 1132 artes,
1895 1080 2052 1132 studia,

1170 1156 1237 1185 res
1268 1149 1420 1195 gestae,
1451 1147 1533 1184 ὅτε.
1587 1144 1659 1184 Ad
1695 1157 1868 1198 corpus,
1903 1149 2050 1197 partes

1169 1209 1376 1259 corporis,
1391 1209 1524 1259 color,
1544 1208 1735 1260 vestitus,
1751 1209 1937 1260 habitus,
1954 1222 2050 1250 cum

1170 1271 1305 1310 altero
1337 1271 1602 1322 similitudo;
1649 1279 1694 1313 et
1741 1273 1825 1313 alia
1858 1273 2048 1325 ejusdem

1169 1334 1353 1386 generis.
1409 1333 1478 1375 Ad
1509 1333 1725 1376 fortunam
1744 1340 1790 1376 et
1814 1347 1960 1376 casum
1979 1348 2050 1376 ce-

1170 1403 1277 1439 tera.
1334 1397 1376 1438 A
1411 1399 1627 1451 sapientia
1654 1400 1762 1439 Cato
1783 1406 1829 1439 et
1859 1400 2048 1451 Sophus:

1170 1474 1194 1502 a
1212 1462 1374 1503 virtute
1395 1468 1441 1502 et
1459 1463 1663 1514 moribus,
1679 1463 1830 1515 Frugi,
1861 1462 2052 1515 Gurges,

1169 1525 1344 1576 Nepos:
1376 1525 1430 1565 ab
1459 1527 1668 1577 oratione,
1695 1526 1904 1578 Lepidus,
1934 1525 2049 1565 Atti-

1168 1602 1269 1629 cus:
1301 1589 1354 1628 ab
1374 1595 1468 1629 arte
1502 1596 1549 1629 et
1576 1590 1720 1629 studio
1749 1590 1918 1640 Pictor,
1953 1589 2050 1629 Me·

1168 1653 1323 1692 tellus:
1355 1665 1380 1693 a
1415 1653 1587 1705 regione
1617 1654 1686 1694 vel
1714 1653 1821 1694 urbe
1859 1653 2049 1704 devicta,

1166 1715 1414 1769 Africanus,
1441 1717 1715 1757 Coriolanus:
1754 1717 1807 1757 ab
1841 1730 1983 1757 amore
2003 1718 2048 1757 in

1167 1782 1389 1832 populum,
1428 1786 1474 1822 et
1510 1782 1551 1821 in
1591 1786 1773 1833 patrem,
1808 1781 2050 1833 Publicola,

1166 1845 1300 1886 Pius:
1350 1859 1375 1885 a
1402 1846 1596 1898 corporis
1633 1845 1845 1898 partibus,
1875 1846 2046 1886 Cincin-

1166 1912 1308 1959 natus,
1352 1909 1535 1949 calvus:
1584 1922 1609 1949 a
1652 1909 1844 1960 corporis
1880 1908 2049 1960 habitu,

1167 1973 1363 2023 Crassus,
1395 1974 1562 2025 Macer,
1591 1986 1616 2012 a
1645 1971 1921 2012 similitudine
1949 1985 2048 2013 cum

1165 2037 1266 2089 alio,
1282 2038 1489 2090 Serapio:
1523 2050 1549 2077 a
1567 2036 1738 2078 fortuna
1758 2038 1897 2091 Felix,
1915 2039 2046 2078 Faus-

1165 2106 1249 2142 tus.

215 2268 404 2335 QUAE
458 2271 624 2325 LEX
682 2272 984 2327 FUERIT
1041 2274 1445 2328 NOMINUM
1497 2275 1590 2328 IN
1648 2275 2041 2339 FOEMINIS,

249 2381 489 2438 FILIIS
526 2383 989 2451 ADOPTIVIS,
1027 2386 1515 2451 LIBERTINIS,
1540 2388 1641 2441 ET
1679 2388 1982 2442 SERVIS.

263 2518 335 2559 ΠΤ
353 2517 517 2570 viri,sic
535 2518 736 2559 mulieres
756 2520 1087 2571 praenominibus

212 2581 274 2622 uti
284 2587 612 2622 consueverant.
638 2583 722 2623 Sed
739 2596 885 2623 eorum
901 2585 984 2624 alia
996 2585 1090 2624 aliis

212 2645 474 2697 temporibus
493 2647 604 2686 ratio
623 2645 720 2687 fuit.
766 2648 961 2688 Primum
978 2649 1091 2688 enim

211 2710 477 2762 praenomina
507 2710 588 2750 illis
619 2709 810 2762 fuerunt,
849 2718 895 2751 ut
940 2713 1090 2764 ignoto

208 2772 375 2812 auctori
408 2773 565 2824 placet,
585 2773 707 2825 Caia,
742 2775 892 2825 Lucia,
923 2775 1092 2827 Publia,

209 2834 436 2886 Numen-ia,
447 2836 622 2887 Rutilla,
635 2838 822 2889 Cesella,
840 2838 1089 2890 Rodocella,

210 2898 434 2948 Mutrulla,
473 2899 627 2951 Burra‚
671 2905 716 2940 et
753 2907 800 2940 ut
835 2907 986 2942 auctor
1024 2908 1091 2943 est

211 2961 382 3009 Festus,
399 2962 575 3003 Caecilia
595 2969 640 3004 et
663 2965 874 3014 Tarratia,
910 2980 1004 3019 quae
1027 2967 1090 3006 in·

209 3023 346 3063 versis
361 3023 497 3064 literis
512 3026 642 3066 scribi
657 3029 784 3068 moris
798 3036 893 3069 erat
909 3042 1011 3081 (yrr
1025 3043 1086 3081 w.

209 3085 365 3127 deinde
384 3098 486 3127 vero
518 3101 671 3129 nomen
691 3092 831 3142 gentis
863 3094 947 3132 illis
980 3094 1088 3133 indi-

210 3155 302 3190 tum
321 3157 412 3200 est;
452 3152 512 3191 ita
531 3159 579 3192 ut
607 3153 643 3192 si
674 3155 801 3195 unica
831 3164 948 3195 esset
984 3157 1087 3209 filia,

208 3211 424 3261 Cornelia,
455 3226 493 3254 v·
511 3227 551 3266 g.
586 3216 653 3255 vel
686 3217 823 3256 Tullia
854 3218 1086 3259 diceretur.

206 3275 254 3315 Si
273 3275 384 3326 duae,
417 3289 499 3316 una
528 3278 728 3318 Cornelia
758 3281 914 3332 Major,
949 3283 1086 3322 altera

210 3337 410 3378 Cornelia
441 3340 596 3379 Minor.
651 3341 698 3380 Si
732 3343 891 3394 plures,
923 3344 1085 3394 Prima,

209 3399 420 3451 Secunda,
437 3402 598 3452 Tertia,
617 3403 797 3454 Quarta,
810 3408 891 3446 &c.
932 3407 1014 3447 Vel
1033 3415 1082 3449 ut

208 3461 378 3502 nomina
405 3470 606 3505 sonarent
635 3466 791 3517 lenius,
822 3468 1080 3522 Secundilla,

210 3521 434 3576 Quartilla,
453 3526 675 3568 Quintilla.
728 3529 986 3582 Imponendi
1007 3544 1077 3572 ve-

1157 2532 1204 2560 ro
1260 2525 1349 2560 tum
1395 2521 1579 2562 nominis
1631 2527 1722 2563 tum
1765 2522 2040 2575 praenominis

1157 2584 1271 2624 aliud
1293 2585 1496 2636 foeminis,
1527 2587 1642 2626 aliud
1662 2586 1851 2628 maribus
1873 2593 2041 2640 tempus

1155 2645 1259 2687 fuit:
1282 2659 1436 2687 nomen
1452 2648 1566 2688 enim
1579 2647 1764 2689 foeminis
1781 2656 1939 2691 octavo
1955 2650 2042 2701 die,

1156 2710 1343 2750 maribus
1368 2724 1481 2751 nono
1512 2713 1674 2764 imponi
1693 2714 1886 2755 solebat:
1930 2726 2038 2765 prae-

1159 2774 1331 2813 nomina
1376 2787 1480 2815 vero
1527 2777 1685 2828 pueris,
1730 2789 1826 2817 cum
1873 2777 2038 2818 virilem

1159 2841 1303 2888 togam
1324 2844 1568 2889 sumerent3
1599 2840 1749 2891 puellis
1775 2853 1872 2881 cum
1904 2842 2037 2882 nube·

1158 2907 1271 2942 rent.

1211 2966 1281 3004 De
1318 2963 1414 3004 filiis
1448 2965 1662 3017 adoptivis
1709 2978 1836 3007 unum
1870 2973 2035 3007 tantum

1156 3028 1307 3079 habeo,
1328 3029 1438 3081 quod
1460 3041 1679 3071 moneam:
1711 3032 1825 3083 ipsos
1846 3032 2037 3084 aliquan·

1157 3091 1211 3131 do
1244 3103 1397 3131 nomen
1432 3092 1592 3143 gentis,
1621 3094 1848 3146 aliquando
1881 3101 2038 3145 cogno-v

1156 3167 1254 3194 men
1271 3154 1443 3208 familiae
1463 3155 1526 3195 ita
1544 3157 1787 3206 retinuisse,
1812 3162 1861 3196 ut
1879 3168 2034 3197 nomen

1157 3216 1447 3270 inflecterent,
1478 3231 1717 3270 cognomen
1755 3231 1858 3258 vero
1888 3231 2031 3260 serva-

1152 3288 1249 3321 rent
1268 3282 1497 3333 integrum.
1540 3283 1749 3332 Exemplo
1768 3283 1889 3323 nobis
1904 3292 2032 3326 erunt

1151 3342 1204 3384 P.
1221 3345 1442 3384 Cornelius
1460 3345 1605 3395 Scipio
1625 3344 1888 3398 AEmilianus‚
1915 3352 1962 3388 et
1978 3349 2029 3389 C.

1147 3406 1287 3448 Julius
1307 3407 1452 3447 Caesar
1471 3407 1755 3459 Octavianus,
1775 3420 1952 3460 quorum
1971 3410 2030 3450 al·

1150 3475 1217 3511 ter
1236 3482 1289 3510 ex
1309 3476 1439 3522 gente
1468 3470 1637 3510 AEmilia
1666 3471 1710 3511 in
1741 3473 1982 3514 Corneliam
2002 3487 2028 3514 a

1146 3532 1231 3573 filio
1251 3533 1443 3574 Africani
1464 3534 1644 3586 Majoris
1661 3550 1672 3577 ι
1703 3537 1813 3578 alter
1827 3550 1878 3579 ex
1895 3546 2025 3590 gente
