2352 4022
682 333 816 372 cAP.
846 320 955 370 vn.
999 329 1079 367 DE
1121 326 1380 367 mouciA
1420 326 1540 366 sm.
1915 313 2023 366 389

269 453 428 505 Sicut
452 456 507 505 et
533 452 670 504 illud
705 451 931 512 factum,
969 450 1139 519 quod,
1167 466 1292 502 cum
1335 449 1405 501 ad
1447 445 1824 500 necessarium
1852 444 2023 512 Reip.

195 554 358 590 usum
385 537 678 606 pecuniam
711 553 784 588 ex
827 535 1021 588 aerario
1060 535 1238 602 promi
1264 549 1408 602 opus
1435 537 1603 596 esset,
1639 530 1810 598 idque
1851 528 2024 593 Quae-

197 629 395 684 stowe,
423 622 558 690 quia
595 622 688 673 lex
734 620 960 672 obstare
986 618 1284 681 videretur,
1332 619 1544 686 aperire
1583 633 1696 668 non
1737 614 2021 676 auderent,

194 707 442 775 privatus
469 706 656 758 claves
682 703 966 773 poposcit,
987 702 1382 770 patefactoque
1407 702 1650 764 aerario,g
1683 701 1859 767 legem
1880 699 2026 750 utili-

193 791 298 842 tati
323 790 520 843 cedere
547 789 746 856 coegit.
818 787 1010 852 Quam
1037 787 1264 854 quidem
1289 788 1340 838 ei
1367 787 1633 839 fiduciam
1653 793 1695 817 ¹0
1733 784 2024 838 conscien-

194 875 272 927 tia
296 875 397 927 illa
435 875 615 937 ⁴dedit,
663 875 833 941 qua¹¹
871 872 1197 923 meminerat
1240 887 1433 923 omnes
1475 871 1624 938 leges
1666 885 1700 921 a
1746 885 1871 922 sese
1895 885 2021 920 esse

193 966 460 1012 servataS.
500 959 627 1012 Non
644 957 920 1025 fatigabor
946 956 1199 1025 ejusdem
1223 955 1377 1008 facta
1400 955 1704 1008 identidem
1722 954 2023 1017 referendo,

193 1044 455 1112 quoniam
478 1060 546 1096 ne
571 1044 666 1095 ille
690 1040 916 1110 quidem
943 1042 1001 1093 in
1026 1041 1305 1094 consimili
1333 1058 1529 1108 genere
1545 1047 1586 1071 ¹2
1613 1041 1831 1093 virtutis
1856 1039 2022 1090 eden-

192 1127 266 1180 do
289 1128 558 1195 fatigatus
583 1132 701 1180 est.⁰
776 1127 945 1179 Diem
969 1127 1052 1179 illi
1097 1127 1170 1179 ad
1211 1124 1516 1196 populumh
1556 1126 1639 1178 M.
1668 1124 1904 1177 Naevius
1929 1124 2022 1177 tri-

189 1212 367 1264 bunus
410 1213 559 1280 pleb.
585 1219 701 1276 aut,
744 1219 805 1265 ut
832 1212 1062 1281 quidam
1109 1218 1432 1275 memorant,
1473 1211 1583 1262 duo
1627 1209 1818 1261 Petilii
1863 1208 2022 1260 dixe-

189 1301 343 1350 rant:
362 1323 381 1366 ss
422 1304 581 1365 quo¹³
621 1298 829 1366 ingenti
864 1297 1171 1365 frequentia
1207 1298 1266 1348 in
1291 1295 1470 1348 forum
1495 1296 1784 1358 deductuS,
1818 1293 2024 1346 Rostra

191 1382 543 1446 conscendit,
604 1383 888 1451 capitique
940 1396 1042 1433 suo
1105 1396 1313 1433 corona
1359 1379 1672 1448 triumphali
1733 1378 2022 1447 imposita,

191 1470 206 1493 ‘
225 1466 355 1520 Hac
379 1465 519 1535 eg0,’
543 1467 736 1535 inquit,
776 1471 793 1495 ‘
814 1465 1085 1531 QuiriteS,
1110 1466 1201 1518 die
1228 1465 1634 1533 Carthaginem,
1677 1480 1879 1532 magna
1902 1463 2018 1532 spi-

241 1652 259 1673 0
287 1646 480 1692 Quoniam
500 1658 570 1688 nec
587 1646 654 1687 ille
665 1645 918 1698 defatigatus
937 1648 995 1685 est
1013 1644 1053 1684 in
1074 1644 1218 1686 edendo
1235 1645 1315 1685 alio
1333 1648 1506 1699 exemplo
1524 1647 1665 1687 similis
1680 1647 1857 1689 virtutis.

954 1751 1256 1767 WOWO

188 1835 364 1874 «ιώ-10
392 1834 465 1874 Ita
483 1834 663 1887 Pighius
683 1847 736 1875 ex
756 1834 883 1875 codd.
906 1833 1076 1886 quidam
1096 1834 1603 1887 quandoquidemflduoiam
1613 1848 1629 1882 ,·
1658 1834 1756 1874 edd.
1779 1839 1884 1875 vett.
1904 1848 2020 1887 quam

187 1887 340 1938 quidem
354 1887 666 1940 fiduciam—ll
696 1889 837 1939 Vulgo
857 1889 965 1940 quia,
994 1887 1070 1927 sed
1090 1889 1321 1928 Torrenius
1342 1901 1395 1928 ex
1415 1889 1511 1930 cod.
1538 1889 1818 1929 Perizoniano
1850 1891 1894 1929 in
1924 1895 2019 1930 tex-

186 1947 278 1980 tum
309 1943 477 1993 recepit
504 1946 704 1993 qum—12
736 1942 945 1983 Nonnulli
979 1941 1107 1981 codd.
1142 1954 1212 1981 nec
1243 1943 1324 1993 ille,
1355 1944 1421 1994 &a
1476 1943 1673 1982 Vors·tius
1711 1943 1835 1994 legit,
1873 1956 1923 1983 ‘ne
1954 1944 2020 1984 ille

185 1995 338 2044 quidem
354 1996 546 2035 consimili
562 2007 717 2045 genere.
771 1997 879 2035 Tum
899 1996 1002 2035 Vet.
1022 2007 1118 2035 cum
1140 1995 1304 2036 Brand.
1334 2008 1419 2036 uno
1441 2001 1485 2037 et
1513 1997 1627 2037 Ultr.
1660 1998 1784 2048 prim.
1814 1999 1987 2037 sudando
2002 2012 2018 2045 ;

185 2047 355 2099 Lipsius
373 2049 548 2101 conjicit
565 2061 605 2089 se
622 2050 763 2089 dando.
821 2050 833 2071 ‘
851 2050 939 2090 Cur
960 2050 1177 2100 vulgatum
1198 2050 1449 2091 mutandum
1481 2051 1554 2100 sit,
1583 2063 1667 2091 non
1698 2050 1852 2091 video?
1881 2053 2017 2103 Kapp.

184 2104 291 2140 —13
320 2101 392 2142 Ita
407 2103 510 2142 Vet.
531 2103 649 2154 Mog.
669 2108 715 2143 et
733 2103 840 2144 Mss.
885 2103 1070 2146 Quidam
1090 2103 1186 2143 libri
1207 2103 1312 2143 editi
1330 2104 1410 2154 qui.
1469 2105 1640 2144 Deinde
1663 2105 1751 2144 Hoc
1770 2117 1855 2156 ego,
1872 2105 2017 2156 inquit,

186 2154 287 2195 Vet.
308 2167 403 2195 cum
425 2155 623 2196 undecim
644 2157 750 2197 Mss.
769 2158 890 2208 Mog.
943 2157 1079 2196 Paulo
1099 2162 1199 2208 post
1218 2157 1434 2197 Klokkius
1464 2159 1585 2210 legit,
1609 2159 1756 2198 Rostra
1775 2160 2018 2198 escendit.-

186 2210 237 2248 14
267 2209 280 2230 ‘
298 2208 370 2248 Ita
388 2221 495 2249 unus
514 2210 673 2250 Brand.
693 2211 848 2262 Ultraj.
867 2210 992 2262 prim.
1015 2215 1060 2250 et
1078 2211 1185 2250 Toll.
1215 2210 1405 2263 itemque
1426 2212 1524 2252 Vet.
1547 2212 1660 2264 quod
1682 2213 1893 2262 superbiae
1914 2213 2019 2253 Car-

185 2261 370 2312 thaginis
390 2264 715 2303 convenientius
732 2270 801 2304 est
813 2276 940 2317 quam
956 2265 1195 2316 vulgatum,
1210 2270 1444 2316 sperantem,
1461 2273 1508 2305 ut
1525 2271 1643 2306 recte
1659 2266 2015 2318 Torreniusjudi-

185 2314 285 2356 cat!
302 2316 438 2368 Kapp.
463 2317 680 2369 spirantem
695 2317 788 2369 jam
802 2319 1029 2371 placuerat
1045 2317 1197 2359 Modio
1210 2324 1253 2359 et
1269 2319 1436 2360 Colero.
1473 2320 1595 2371 Mox,
1609 2323 1766 2360 nostras
1776 2333 1853 2373 pro
1865 2324 2018 2360 vestras

1009 2426 1187 2467 NOTAE

236 2509 258 2537 8
275 2503 560 2559 Patefactoque
585 2508 749 2560 aerario]
797 2509 850 2549 Id
880 2509 1063 2560 contigit

184 2579 280 2607 cum
301 2569 349 2609 L.
372 2569 648 2622 Sempronius
676 2572 914 2613 Tuditanus
942 2573 1062 2613 Prae-

183 2635 252 2670 tor
272 2643 298 2670 a
317 2633 547 2674 Celtiberis
575 2647 671 2676 cum
699 2641 792 2677 toto
819 2636 912 2677 fere
941 2648 1061 2676 exer-

180 2693 270 2733 citu
289 2707 424 2735 caesiis
443 2702 524 2738 est.

236 2762 255 2804 ss
278 2756 358 2798 An.
380 2760 443 2800 M.
460 2764 581 2801 386⁷.
612 2760 684 2803 Ol.
705 2765 799 2803 148.
818 2765 858 2805 2.
888 2761 997 2804 Urb.
1012 2762 1062 2803 C.

179 2822 275 2860 566.
304 2820 409 2862 Ant.
428 2823 505 2864 Ch.
528 2827 621 2864 186.

233 2881 253 2909 ¹¹
271 2883 393 2924 Diem
411 2886 471 2926 illi
498 2888 550 2926 ad
577 2887 777 2938 populum,
806 2888 893 2940 δῖα]
923 2886 1061 2929 Accu·

180 2947 522 3001 sationis'capita
546 2956 689 3002 erant,
721 2951 855 2991 filium
884 2958 1060 3004 captum

179 3008 235 3048 ab
271 3007 489 3051 Antiocho
523 3012 613 3052 sine
646 3014 785 3065 pretio
818 3015 1059 3066 redditum;

178 3071 316 3122 ipsum
350 3073 404 3113 ab
437 3072 668 3127 Antiocho,
698 3077 818 3128 quasi
838 3079 955 3129 pacis
972 3079 1059 3118 bel-

175 3134 293 3187 lique
308 3133 463 3176 fuisset
481 3137 656 3191 arbiter,
673 3141 836 3180 cultum
855 3153 974 3193 esse;
1013 3149 1059 3184 et

175 3197 259 3237 alia
286 3198 544 3250 hujusmodi.
596 3201 750 3242 Jussus
778 3204 924 3245 dicere
959 3218 1057 3247 cau·

177 3271 264 3298 sam
303 3261 394 3300 sine
433 3262 517 3301 ulla
565 3263 791 3307 criminum
822 3267 1057 3319 mentione,

176 3323 412 3363 orationem
436 3324 546 3365 adeo
565 3326 831 3378 magnificam
858 3330 911 3370 de
930 3331 1056 3371 rebus

179 3396 203 3422 a
220 3396 265 3423 se
287 3387 420 3436 gestis
447 3393 515 3427 est
533 3400 729 3441 exorsus,
752 3397 797 3430 ut
826 3392 931 3432 satis
957 3405 1055 3433 con-

177 3451 316 3490 staret
333 3449 544 3489 neminem
575 3463 774 3505 unquam,
800 3465 942 3507 neque
970 3468 1057 3496 me-

178 3507 274 3559 lius,
320 3520 461 3561 neque
500 3513 642 3553 verius
683 3515 900 3558 laudatum
947 3531 1054 3559 esse.

1131 2506 1412 2548 Orationibus
1449 2507 1732 2548 Tribunorum
1763 2508 1805 2547 in
1842 2512 2014 2548 noctem

1131 2571 1372 2623 perductis,
1390 2571 1603 2623 producta
1629 2571 1722 2610 dies
1748 2578 1837 2622 est;
1868 2571 1942 2612 ubi
1962 2584 2014 2612 ea

1130 2635 1265 2687 venit,
1301 2635 1447 2686 Scipio
1482 2647 1635 2686 magno
1663 2634 1830 2685 agmine
1858 2634 2016 2675 amico-

1133 2710 1228 2738 rum
1254 2697 1559 2749 clientiumque
1578 2709 1658 2748 per
1674 2697 1855 2736 mediam
1871 2698 2013 2738 conci-

1133 2774 1257 2803 onem
1297 2763 1350 2802 ad
1389 2768 1528 2802 rostra
1571 2762 1719 2812 subiit,
1753 2763 2010 2818 silentioque

1127 2824 1273 2866 facto:
1315 2826 1328 2848 ‘
1348 2825 1479 2876 Hoc‚'
1500 2826 1653 2879 inquit,
1682 2827 1694 2849 ‘
1717 2826 1804 2877 die,
1833 2828 2011 2869 Tribuni

1128 2889 1279 2941 plebis,
1305 2900 1464 2941 vosque
1489 2889 1697 2941 Quirites,
1717 2903 1810 2930 cum
1844 2891 2009 2932 Hanni-

1128 2955 1224 2996 bale
1245 2956 1414 2996 collatis
1444 2956 1573 3008 signis
1592 2956 1633 2995 in
1656 2955 1806 2996 Africa
1825 2957 1933 2998 bene
1959 2971 2009 2998 ac

1128 3017 1316 3059 feliciter
1334 3018 1552 3071 pugnavi‚'
1581 3025 1627 3059 et
1646 3019 1729 3059 alia
1749 3032 1842 3071 quae
1862 3028 2010 3062 narrat

1126 3082 1338 3122 Valerius.
1373 3082 1460 3122 Hic
1480 3083 1703 3134 speciosus
1722 3084 1895 3124 ultimus
1917 3085 2009 3125 dies

1129 3146 1180 3185 P.
1197 3145 1388 3197 Scipioni
1409 3145 1579 3185 illuxit:
1624 3151 1724 3197 post
1748 3159 1889 3197 quem,
1910 3161 2007 3189 cum

1126 3209 1327 3249 invidiam
1350 3214 1395 3248 et
1424 3207 1657 3248 certamina
1688 3221 1782 3247 cum
1809 3210 2007 3251 Tribunis

1126 3271 1262 3322 plebis
1284 3270 1567 3323 prospiceret,
1581 3269 1623 3308 in
1638 3269 1886 3310 Linternum
1908 3285 2008 3313 con-

1126 3336 1257 3374 cessit
1275 3348 1284 3373 :
1316 3334 1454 3385 major
1482 3333 1645 3372 animus
1664 3339 1710 3371 et
1728 3339 1882 3374 natura
1899 3342 2008 3388 erat,

1124 3409 1251 3449 quam
1271 3402 1434 3437 ut'reus
1465 3407 1560 3435 esse
1589 3396 1734 3437 sciret.
1790 3398 1901 3439 Haec
1934 3400 2004 3441 Li-

1127 3471 1234 3499 vius,
