2352 4022
357 287 463 339 156
874 298 1128 339 vAnERu
1173 297 1415 335 MAlel
1460 297 1577 335 Lm.
1614 297 1652 337 t.

358 434 518 470 omen
547 418 672 486 ipsa
708 418 853 470 fecit.
930 415 1074 467 Nam
1102 432 1227 467 cum
1267 417 1325 467 in
1369 417 1579 468 sacello
1621 419 1865 485 quodam
1916 419 2040 488 ejus
2087 419 2169 472 rei

356 505 535 569 gratia
577 501 964 570 aliquamdiu¹4
1000 500 1365 567 persedisset,
1391 518 1492 553 nec
1513 502 1632 554 ulla
1659 520 1775 555 vox
1797 511 1836 541 ¹⁵
1882 505 2172 572 proposito

357 603 655 653 congruens
675 595 824 638 esset
849 584 1109 650 audita3f
1139 585 1290 638 fessa
1329 587 1499 653 longa
1545 588 1730 640 standi
1769 605 1924 641 mora
1961 587 2172 656 puella,

356 672 571 736 rogavit
595 675 966 730 materteram,
992 673 1052 720 ut
1077 669 1185 721 sibi
1210 670 1501 738 paulisper
1538 672 1724 724 locum
1766 673 2045 725 residendi
2086 686 2185 724 ac*-

355 755 755 808 commodaret:
778 755 868 807 cui
895 755 1020 806 illa:
1045 759 1061 782 ‘
1079 754 1199 822 Ego
1226 755 1391 817 vero,'
1411 758 1607 825 inquit,
1627 763 1643 785 ‘
1664 759 1902 811 libenter
1926 759 2030 811 tibi
2055 773 2178 809 mea

356 840 490 892 sede
514 839 555 870 ¹⁶
592 837 773 891 cedo?
846 837 1013 902 Quod
1037 839 1241 892 dictum
1265 842 1336 892 ab
1377 841 1718 910 indulgentia
1745 844 2068 911 profectum,
2107 840 2179 894 ad

357 925 487 977 certi
520 924 720 975 ominis
760 925 1040 993 processit
1079 931 1401 979 eventung
1444 929 1707 994 quoniam
1752 928 2023 980 Metellus
2069 941 2180 995 non

355 1009 435 1061 ita
453 1015 492 1047 ¹⁷
530 1010 704 1061 multo
731 1014 879 1077 post,
906 1015 1120 1062 mortua
1146 1009 1403 1073 Caecilia,
1430 1013 1716 1078 virginem,
1735 1012 1802 1063 de
1829 1029 1940 1080 qua
1964 1012 2179 1079 loquor,

353 1093 411 1144 in
436 1095 842 1146 matrimonium
867 1094 1066 1146 duxit.†

425 1178 477 1230 5.
506 1177 582 1231 C.
619 1183 806 1231 autem
848 1178 1030 1230 Mario
1050 1178 1120 1209 13‘
1156 1178 1476 1231 observatio
1523 1181 1724 1232 ominis
1769 1179 1968 1249 procul
2011 1178 2182 1232 dubio

356 1262 524 1315 saluti
549 1262 672 1326 fuit,
699 1280 811 1331 quo
845 1270 1099 1331 tempore
1124 1265 1300 1317 hostis
1326 1281 1361 1316 a
1387 1271 1586 1317 senatu
1617 1265 1952 1333 judicatuS,·²
1989 1264 2045 1315 in
2083 1264 2182 1315 do-

357 1363 503 1399 mum
532 1347 763 1402 Fanniae
779 1355 802 1377 V
839 1349 1134 1402 Minturnis
1155 1356 1188 1378 W
1224 1349 1497 1403 custodiae
1545 1366 1717 1403 causa
1758 1349 2032 1402 deductus
2055 1353 2184 1400 ests

401 1511 429 1546 s
451 1513 537 1553 Nec
556 1513 637 1554 ulla
652 1526 743 1564 vox,
762 1527 849 1565 quae
866 1517 916 1555 ad
930 1515 1095 1567 nuptias
1118 1515 1301 1568 Virginis
1313 1517 1549 1569 pertineret,
1575 1521 1673 1558 esset
1691 1517 1843 1558 audita.

405 1573 429 1600 Β
456 1567 775 1616 Eventusfuturi
793 1573 943 1610 certum
962 1582 1071 1610 omen
1079 1571 1185 1619 suit.

1122 1691 1418 1708 000000000000

358 1769 401 1809 in
415 1771 554 1810 sacello
573 1773 736 1823 quodam
754 1771 791 1811 ei
808 1772 868 1811 rei
885 1772 1138 1823 aliquamdiu,
1164 1774 1339 1823 &ce-15
1370 1771 1489 1813 Edit.
1522 1778 1569 1813 et
1602 1773 1710 1812 Mss.
1742 1770 1928 1810 maxima
1960 1779 2088 1821 pars:
2118 1779 2188 1808 nec

358 1825 491 1874 aliqua
510 1837 599 1864 vox.
658 1826 862 1865 Nonnulli
883 1838 979 1866 cum
1000 1826 1070 1866 ed.
1091 1827 1192 1866 Vet.
1223 1838 1292 1865 nec
1309 1826 1439 1877 aliqua
1457 1828 1538 1866 ulla
1557 1839 1647 1866 vox.
1700 1826 1787 1865 Sex
1816 1826 1924 1864 Mss.
1959 1836 2028 1862 nec
2057 1822 2188 1873 aliqua
2224 1827 2236 1836 ‘

359 1878 421 1916 illi
443 1891 535 1925 vox,
565 1879 679 1930 quod
710 1880 916 1919 Torrenio
943 1880 1212 1930 placet.-16
1242 1880 1449 1919 Nonnulli
1482 1881 1590 1919 Mss.
1624 1891 1721 1918 cum
1757 1879 1855 1917 Vet.
1887 1889 2011 1916 meam
2045 1878 2188 1915 sedem.

361 1931 600 1984 Utrumque
617 1933 769 1972 Latine
789 1933 964 1973 dicitur.
1010 1932 1132 1972 Infra
1159 1945 1225 1972 lv.
1243 1937 1282 1972 l.
1320 1933 1421 1973 Ext.
1439 1937 1479 1972 7.
1514 1934 1526 1955 ‘
1540 1933 1669 1973 cessit
1689 1944 1782 1971 eam
1803 1929 1982 1981 Bianti,'
2010 1935 2056 1969 et
2074 1928 2189 1968 alibi.

358 1988 464 2024 -17
495 1985 548 2024 In
567 1985 732 2039 aliquot
752 1986 878 2027 codd.
895 1993 938 2027 et
956 1986 1054 2028 edd.
1078 1986 1231 2038 Pighio
1252 1986 1569 2039 antiquioribus
1585 1987 1643 2026 ita
1659 1985 1908 2026 deest.—-18
1930 1983 1981 2023 In
1997 1981 2188 2035 pluribus

1190 2106 1367 2147 NOTAE

351 2214 422 2265 jus
445 2218 586 2265 partes
616 2219 742 2255 erant
771 2214 922 2254 mediae
951 2215 1091 2255 noctis
1119 2214 1240 2254 incli-

360 2278 491 2328 natio,
516 2279 791 2330 gallicinium,
815 2279 1106 2329 conticinium,
1132 2279 1242 2318 dilu-

360 2341 517 2390 culum,
540 2353 679 2392 mane,
694 2353 890 2392 vespera,
911 2342 1050 2393 prima
1070 2340 1160 2381 fax.

416 2410 433 2446 †
455 2403 536 2444 An.
557 2405 623 2444 M.
642 2406 763 2443 3841.
792 2404 863 2444 Ol.
886 2407 978 2444 141.
997 2407 1038 2443 4.
1065 2403 1171 2444 Urb.
1192 2403 1240 2444 C.

363 2468 457 2505 540.
485 2465 590 2506 Ant.
612 2466 688 2506 Ch.
705 2469 800 2507 212.

416 2528 430 2553 ‘
448 2529 496 2568 C.
518 2527 672 2579 Mario]
716 2527 894 2579 Nepoti,
916 2527 988 2580 qui
1015 2531 1141 2568 natus
1162 2526 1244 2567 Ar-

363 2590 452 2643 pini
488 2603 540 2631 ex
569 2590 718 2631 humili
746 2591 857 2641 loco,
887 2591 951 2630 vir
977 2603 1106 2631 manu
1135 2595 1246 2630 stre-

363 2667 487 2706 nuus,
526 2656 614 2695 vita
649 2655 939 2708 incorruptus,
976 2655 1030 2696 ad
1060 2667 1244 2695 summos

361 2720 544 2759 honores
583 2719 794 2770 pervenit.
852 2721 923 2760 De
951 2719 1024 2759 illo
1053 2720 1174 2771 plura
1201 2718 1245 2758 in

367 2781 606 2825 Mariorum
624 2780 800 2822 familia.

418 2851 437 2872 ¹²
478 2845 622 2885 Hostis
655 2857 681 2883 a
707 2849 844 2885 senatu
861 2845 1084 2896 judicatus]
1139 2845 1247 2884 Cum

364 2909 414 2949 L.
431 2909 562 2961 Syuae
585 2908 741 2949 bellum
768 2908 1113 2948 Mithridaticum
1134 2921 1247 2949 com-

364 2971 541 3011 missum
569 2977 699 3021 esset,
729 2971 777 3011 C.
797 2971 981 3021 Marius,
1007 2973 1111 3012 licet
1129 2972 1248 3012 senio

368 3033 613 3084 confectus,
663 3037 828 3072 tantam
873 3034 1015 3084 gloriae
1057 3040 1247 3086 segetem

367 3098 496 3149 Syllae
526 3097 670 3149 legato
702 3097 800 3136 olim
831 3109 906 3137 suo
935 3098 1144 3149 invidens,
1173 3111 1250 3150 per

369 3163 417 3202 C.
444 3161 674 3213 Sulpitium
714 3160 832 3201 Trib.
861 3161 920 3212 pl.
950 3161 1057 3202 hanc
1086 3163 1125 3201 ei
1155 3175 1250 3214 pro-

369 3226 551 3264 vinciam
570 3223 711 3276 eripit.
750 3224 847 3265 Qua
867 3235 914 3263 re
930 3224 1049 3274 Sylla
1067 3236 1248 3264 commo-

373 3294 457 3337 ωε,
486 3286 635 3327 urbem
678 3298 771 3326 cum
809 3287 1003 3326 exercitu
1044 3294 1247 3339 occupat,

370 3350 599 3401 occisoque
644 3349 829 3401 Sulpitio
885 3349 1070 3389 Marium
1112 3349 1251 3403 fugat,

373 3425 554 3465 eumque
601 3413 816 3454 absentem
847 3413 1012 3454 hostem
1037 3425 1062 3453 a
1088 3414 1249 3455 Senatu

364 3476 555 3528 judicari
582 3475 776 3529 imperat.
831 3475 903 3518 Ita
931 3477 1133 3528 VelleiuS,
1152 3478 1248 3520 Flo-

1307 2226 1393 2265 rus,
1412 2218 1456 2254 et
1476 2214 1564 2255 alii.

1361 2283 1379 2303 v
1400 2279 1451 2317 In
1477 2280 1630 2318 domum
1658 2275 1843 2327 Fanniae]
1887 2274 1996 2315 Post
2023 2284 2191 2314 errores

1308 2340 1449 2380 varios
1490 2340 1691 2392 variaque
1725 2338 1930 2390 pericula,
1972 2348 2067 2389 quae
2105 2335 2190 2373 ele-

1309 2409 1476 2454 ganter,
1517 2409 1566 2443 ut
1608 2404 1737 2453 solet,
1776 2400 1985 2442 describit
2020 2399 2193 2439 Plutar-

1311 2467 1430 2513 chus,
1446 2467 1490 2505 in
1513 2466 1670 2518 palude
1690 2466 1855 2504 Marius
1873 2463 2065 2512 latebat;
2091 2473 2190 2502 cum

1311 2530 1494 2581 pastoris
1526 2528 1723 2581 proditus
1744 2527 1916 2575 indicio,
1947 2525 2048 2565 inde
2075 2524 2190 2564 'Min-

1314 2599 1458 2632 turnas
1489 2592 1732 2641 deducitur,
1751 2596 1798 2630 et
1827 2587 1991 2628 mulieri
2011 2586 2194 2636 cuidam,

1312 2659 1379 2698 cui
1400 2670 1555 2698 nomen
1587 2656 1764 2702 Fannia,
1786 2651 2090 2694 custodiendus
2106 2656 2197 2691 tra·

1315 2721 1446 2762 ditur.
1518 2722 1623 2760 Tum
1651 2720 1804 2759 missus
1832 2717 1886 2758 ad
1914 2729 2008 2756 eum
2037 2726 2194 2755 necan-

1315 2785 1416 2824 dum
1434 2795 1580 2824 servus
1601 2782 1796 2835 publicus
1811 2781 1986 2821 natione
2006 2779 2198 2829 Cimber,

1315 2848 1389 2900 qui
1423 2847 1504 2887 viri
1540 2847 1766 2898 majestate
1810 2843 1988 2884 territus
2032 2840 2196 2894 refugit

1315 2923 1466 2962 magna
1485 2921 1592 2950 voce
1606 2908 1843 2958 clamitans,
1871 2906 1885 2929 ‘
1904 2906 2003 2946 Non
2022 2916 2194 2957 possum

1317 2974 1518 3016 occidere
1552 2970 1768 3012 Marium!
1835 2970 1975 3011 Quam
2013 2967 2068 3008 ob
2105 2978 2195 3006 rem

1315 3034 1613 3076 misericordia
1647 3032 1753 3072 moti
1781 3032 2104 3072 Minturnenses
2132 3029 2197 3068 in-

1317 3101 1525 3141 columem
1546 3097 1732 3137 Marium
1754 3094 2068 3147 praestiteruut.

1370 3168 1395 3188 w
1415 3158 1659 3209 Minturnis]
1715 3156 1962 3207 Campaniae
1989 3153 2195 3206 oppidum

1316 3226 1428 3266 inter
1446 3225 1690 3264 Sinuessam
1710 3226 1754 3259 et
1776 3218 1965 3259 Formias
1984 3217 2038 3258 ad
2063 3216 2194 3258 Sirim

1314 3287 1507 3327 fluvium.

1373 3354 1391 3397 ss
1411 3347 1496 3389 An.
1512 3347 1576 3387 M.
1596 3349 1716 3386 3966.
1744 3344 1817 3386 01.
1836 3347 1927 3386 173.
1949 3347 1986 3386 1.
2014 3343 2122 3385 Urb.
2143 3343 2195 3386 C·

1316 3418 1412 3456 663.
1441 3413 1546 3455 Ant.
1566 3412 1645 3454 Ch.
1665 3413 1731 3451 87.
