2352 4022
706 325 839 363 cAP.
869 323 934 362 11.
978 322 1059 362 nu
1098 319 1548 361 Fonrirumun.
1929 306 2038 360 359

219 460 291 496 ex
339 443 411 495 iis
454 442 695 494 obscuro
735 441 867 494 loco
912 438 1191 508 abjectum
1238 439 1484 508 corporis
1532 436 1770 506 pondere
1807 445 2042 506 urgeret,

219 527 473 597 praeclari
500 527 684 595 operis
711 527 866 578 socio
892 526 1115 593 plagam
1142 526 1194 576 ei
1232 524 1432 576 inferre
1461 522 1757 586 dubitanti,
1796 539 1884 585 ne,
1910 525 2044 576 dum

219 611 452 681 Magum
476 611 638 680 petit,
672 608 1232 679 ipsum3vulneraretj
1270 612 1286 635 ‘
1305 609 1392 661 Tu
1418 607 1584 672 vero‚’
1621 608 1822 675 inquit,
1862 611 1879 635 ‘
1906 609 2045 661 nihil

223 703 310 751 est
355 697 508 766 quod
558 702 816 764 respectu
869 695 978 746 mei
1027 694 1275 746 timidius
1319 693 1508 759 gladio
1558 694 1773 747 utaris:
1809 692 1897 746 vel
1945 710 2046 762 per

221 789 514 850 utrumque
547 781 703 833 illum
744 796 877 848 agas
915 780 1066 843 licet,
1108 778 1238 830 dum
1277 778 1370 830 hic
1396 794 1582 846 ⁸quam
1627 778 1910 831 celerrime
1949 795 2047 847 pe-

221 866 409 921 reat.’‡

294 954 350 1006 3.
390 951 520 1004 Hoc
545 951 693 1003 loci⁷
715 948 990 1002 Leonidas
1018 949 1326 1017 Spartanus
1351 948 1559 1001 nobilis
1586 948 1858 1001 occurrit:
1885 947 2048 1016 cujus

224 1039 534 1108 proposito,
561 1052 748 1104 opere,
777 1035 952 1098 exitu,
978 1035 1114 1087 nihil
1139 1035 1353 1087 fortius,
1429 1034 1581 1087 Nam
1606 1049 1734 1086 curn
1754 1047 1886 1086 cco.
1913 1033 2050 1085 civi-

223 1122 367 1175 bus⁸
383 1119 402 1151 f
421 1121 573 1190 apud
598 1120 1000 1188 Thermopylas
1027 1120 1129 1172 toti
1156 1119 1312 1172 Asiae
1340 1120 1615 1188 objectUS,
1634 1116 1854 1185 gravem
1868 1117 2046 1183 illum,

226 1213 286 1260 et
302 1206 441 1259 mari
458 1211 516 1258 et
531 1211 713 1269 terrae,
740 1205 1013 1268 Xerxem,
1034 1222 1135 1257 nec
1160 1204 1478 1258 hominibus
1505 1209 1712 1257 tantum
1735 1203 2052 1267 terribilem,

226 1292 328 1346 sed
354 1291 618 1360 Neptuno
638 1307 860 1359 quoque
887 1291 1231 1359 compedeS,g
1267 1297 1325 1343 et
1339 1290 1501 1343 Coelo
1526 1291 1778 1343 tenebras
1797 1289 2055 1341 minitan-

226 1383 355 1442 tem,
381 1377 692 1446 pertinacia
713 1376 931 1428 virtutis
957 1375 1027 1428 ad
1051 1376 1303 1428 ultimam
1323 1372 1805 1444 desperationem¹¹
1828 1373 2054 1441 redegit.

234 1603 244 1612 ·
283 1547 297 1574 ¹
322 1547 450 1641 Dixt'lt
468 1552 550 1588 tam
568 1547 750 1640 praetori
759 1546 958 1597 facinoris
975 1545 1092 1597 socio,
1108 1546 1176 1597 qui
1202 1558 1280 1585 non
1300 1545 1467 1586 audebat
1482 1547 1640 1598 plagam
1653 1546 1777 1597 Mago
1796 1545 1993 1600 infligere,
2011 1556 2060 1585 ne

227 1614 357 1655 ipsum
372 1614 421 1642 vu
437 1613 574 1642 nerare
595 1628 608 1642 .
951 1630 955 1631 ν

231 1780 257 1817 7
278 1776 369 1817 Hoc
386 1777 465 1815 loco
482 1780 571 1815 tres
590 1773 716 1814 codd.
744 1774 922 1816 Torren.
952 1775 1174 1827 Spartanus
1202 1775 1342 1816 nobilis
1365 1774 1490 1816 codd.
1523 1774 1654 1824 Pigh.
1684 1779 1730 1814 et
1754 1774 1932 1814 Torren.
1963 1784 2061 1813 cum

232 1831 437 1882 Mog.-8
455 1830 557 1870 Vet.
585 1828 777 1868 militibus
805 1841 884 1881 pro
913 1830 1074 1870 civibus.
1115 1831 1282 1870 Deinde
1318 1830 1441 1869 Harl.
1473 1833 1518 1869 et
1551 1840 1657 1868 unus
1688 1828 1840 1869 Rhem.
1870 1832 1909 1867 et
1939 1831 2062 1868 terra.

233 1885 374 1925 Paulo
405 1891 520 1935 post,
555 1883 667 1922 Dan.
698 1895 803 1922 unus
839 1883 1002 1924 Brand.
1031 1886 1189 1936 Copes.
1222 1885 1383 1935 Ultraj.
1421 1887 1460 1923 2.
1494 1882 1625 1923 Barb.
1660 1885 1698 1923 1.
1729 1882 1854 1922 Leid.
1884 1885 1924 1922 1.
1953 1885 1993 1922 2.
2022 1885 2062 1922 7.

236 1939 374 1986 ΟαΙιος
401 1937 514 1976 unde
530 1936 672 1976 Coler.
693 1936 808 1987 conj.
827 1937 933 1985 coho,
966 1943 1014 1976 ut
1046 1938 1089 1977 in
1123 1939 1260 1978 altero
1287 1937 1452 1978 Brand.
1473 1942 1520 1977 et
1541 1937 1698 1988 Ultraj.
1727 1940 1765 1976 1.
1785 1940 1824 1975 et
1841 1937 1934 1975 coelo
1950 1935 2066 1974 chaos

233 1991 482 2032 minitantem
500 1990 543 2029 in
563 1989 660 2032 cod.
692 1991 792 2030 Par.
824 1991 936 2043 quod
969 1991 1122 2032 Colero
1156 1998 1200 2031 et
1230 1992 1436 2032 Torrenio
1467 1992 1637 2044 placet;
1666 1995 1706 2030 et
1742 1990 1853 2030 Latio
1886 1989 2065 2029 tenebras

234 2046 388 2087 Rhem.
418 2049 456 2086 1.
483 2047 523 2084 2.
549 2047 589 2086 3.
619 2049 664 2084 et
694 2044 820 2084 Harl.
846 2048 885 2086 et
918 2046 1045 2085 Chaos
1073 2047 1250 2086 tenebras
1271 2046 1415 2088 Bitur.
1437 2049 1477 2086 l.
1498 2050 1545 2085 et
1572 2044 1694 2086 Leid.
1715 2048 1756 2086 5.
1775 2045 1870 2084 chao
1900 2043 2065 2084 habent

1064 2165 1242 2207 NOTAE

234 2259 425 2300 Smerdls
452 2260 638 2312 nomine,
655 2260 815 2313 Mergi,
833 2273 959 2314 quem
979 2261 1117 2302 frater
1183 2265 1279 2303 231.
1305 2261 1411 2304 Ant.
1426 2262 1503 2303 Ch.
1520 2265 1616 2302 521.

237 2321 627 2376 cambysesoccidi
654 2324 859 2375 jusserat,
882 2330 971 2365 turn
991 2324 1117 2378 facie,

235 2395 326 2430 tum
346 2389 507 2441 reliquo
527 2389 716 2441 corporis
743 2389 887 2429 babitu
920 2391 1117 2443 persimi-

234 2452 303 2504 lis,
329 2464 414 2492 una
426 2464 523 2493 cum
541 2451 677 2493 fratre
692 2453 920 2493 Persarum
939 2467 1118 2506 regnum

236 2522 449 2568 occupat:
480 2517 694 2569 quodque,
711 2530 792 2558 nec
813 2530 866 2558 ex
882 2531 980 2558 arce
1001 2517 1118 2559 foras

236 2578 448 2631 prodiret,
480 2591 561 2620 nec
598 2592 825 2632 procerum
875 2594 1116 2634 quenquam

238 2640 517 2692 admitteret3
545 2648 713 2695 septem
735 2643 816 2683 viri
836 2645 1053 2696 principes
1071 2646 1114 2684 in

237 2716 335 2744 eum
365 2705 604 2757 conjurant,
642 2706 811 2746 irruunt
855 2708 900 2746 in
937 2709 1116 2759 regiam,

238 2766 479 2820 Magnaque
499 2767 772 2809 obtruncant.
829 2770 972 2810 Caedis
992 2772 1117 2822 ratio,

238 2830 352 2885 quod
371 2837 417 2872 et
434 2832 479 2871 in
496 2831 669 2873 Justino
692 2831 785 2884 jam
810 2834 1027 2884 explicata
1046 2833 1118 2884 sit,

241 2901 286 2935 et
305 2895 431 2935 aliter
450 2893 504 2938 ab
516 2894 757 2946 Herodoto,
777 2896 902 2936 aliter
928 2910 952 2936 a
974 2897 1120 2937 Ctesia

244 2963 458 3009 narretur,
476 2970 500 2997 a
518 2957 643 2998 nobis
673 2959 885 3000 omittitur
904 2973 914 3000 :
955 2960 1039 3000 duo
1060 2967 1122 3000 ta·

243 3033 358 3074 men,
393 3034 490 3074 quae
522 3032 606 3060 non
643 3034 764 3075 aeque
797 3023 989 3063 omnibus
1023 3029 1125 3064 nota

244 3091 362 3139 sunt,
398 3090 444 3125 te
480 3085 683 3124 monitum
725 3086 879 3126 velim:
929 3087 1126 3140 alterum,

242 3148 396 3190 mirum
426 3159 520 3187 esse
556 3147 669 3199 apud
700 3148 988 3202 Herodotum,
1022 3151 1123 3192 Cte-

243 3213 350 3253 siam
382 3216 428 3250 et
457 3211 674 3252 Justinum
714 3211 846 3252 caedis
873 3213 996 3253 unius
1030 3219 1124 3254 tan-

245 3281 337 3316 tum
355 3275 475 3326 Magi
508 3275 769 3314 mentionem
790 3274 898 3326 fieri,
926 3288 1021 3315 cum
1041 3277 1124 3317 duo

246 3343 390 3378 tamen
419 3337 603 3388 fuerint5
652 3339 849 3388 alterum,
876 3339 990 3379 diem
1010 3341 1125 3381 illam

247 3400 404 3440 exinde
421 3399 662 3451 μαγοφονίαν
687 3401 815 3453 vulgo
835 3401 990 3442 dictam
1012 3415 1124 3456 esse,

246 3476 330 3516 qua
348 3463 488 3513 Magis
506 3464 547 3503 in
569 3465 787 3516 publicum
803 3466 975 3518 prodire
991 3467 1126 3508 nefas.

304 3530 324 3573 t
344 3525 426 3566 An.
449 3527 510 3569 M.
530 3530 651 3567 3532.
699 3526 770 3569 01.
791 3531 856 3569 64.
876 3533 917 3569 3.
947 3530 1054 3571 Urb.
1076 3532 1124 3572 C.

1234 2323 1251 2352 f
1286 2327 1385 2366 Cam
1422 2325 1610 2366 trecentis
1649 2324 1815 2377 civibus]
1872 2322 2067 2365 Aderant

1186 2395 1401 2442 praeterea
1420 2389 1570 2431 Graeci
1590 2389 1663 2429 alii
1681 2389 1734 2428 ad
1752 2391 1874 2429 5900.
1897 2388 1968 2441 qui
1988 2389 2067 2428 Le·

1186 2455 1323 2494 onidae
1344 2455 1483 2507 ipsius
1509 2466 1637 2494 suasu
1655 2453 1711 2493 ad
1730 2465 1808 2494 sua
1824 2453 1987 2494 tuenda
2005 2453 2068 2493 di-

1186 2519 1294 2572 lapsi
1311 2524 1427 2568 sunt,
1446 2530 1501 2559 ex
1521 2518 1690 2558 Herod.

1239 2589 1259 2617 8
1302 2582 1486 2633 Neptuno
1533 2580 1749 2633 compedes]
1807 2583 1875 2622 Ex
1911 2581 2069 2634 Abydo

1184 2646 1301 2687 Asiae
1321 2647 1480 2698 oppido
1498 2647 1552 2686 ad
1582 2646 1750 2686 Sestum
1779 2647 1980 2698 Europae,
1998 2644 2074 2698 qui

1185 2711 1394 2762 trajectus
1406 2715 1572 2762 septem
1585 2709 1822 2749 stadiorum
1841 2714 1925 2760 est,
1937 2713 2071 2760 ponte

1188 2773 1519 2825 Hellespontum
1545 2772 1776 2824 junxerat:
1824 2779 1868 2812 at
1897 2777 2071 2823 pontem

1186 2837 1314 2888 paulo
1333 2841 1430 2888 post
1450 2842 1603 2875 exorta
1623 2840 1857 2887 tempestas
1878 2834 2070 2887 disjecit:

1190 2900 1300 2952 quod
1335 2911 1430 2939 cum
1461 2899 1630 2939 Xerxes
1658 2897 1794 2939 ferret
1822 2899 1993 2951 aegrius,
2027 2905 2073 2939 et

1191 2963 1361 3014 pelago,
1389 2974 1471 3014 quo
1489 2960 1592 3014 quid
1610 2961 1782 3001 stultius
1802 2959 1904 3013 fingi
1924 2961 2073 3013 possit,

1193 3030 1390 3066 trecenta
1409 3023 1541 3076 infligi
1563 3025 1760 3076 verbera,
1780 3030 1826 3064 et
1846 3025 1886 3064 in
1914 3022 2070 3065 fluctus

1193 3101 1271 3141 par
1290 3089 1545 3141 compedum
1563 3088 1692 3140 dejici
1708 3088 1853 3140 jussit.

1244 3149 1265 3178 ¹¹
1288 3152 1480 3192 Ultimum
1510 3151 1835 3202 desperationem]
1879 3151 2020 3191 Victis
2048 3164 2074 3192 a

1194 3215 1384 3255 Leonida
1415 3214 1595 3266 primum
1626 3213 1784 3264 Medis,
1803 3213 1959 3253 deinde
1980 3213 2070 3254 Cis-

1193 3277 1278 3328 siis,
1291 3283 1380 3317 tum
1406 3276 1474 3327 iis,
1494 3289 1598 3328 quos
1618 3276 1875 3315 immortales
1897 3281 2070 3328 vocant,

1193 3346 1337 3382 tantus
1355 3341 1546 3390 Xerxem
1565 3339 1742 3378 incessit
1762 3351 1910 3390 pavor,
1936 3344 1985 3379 ut
2003 3345 2072 3380 ter

1194 3416 1217 3443 e
1237 3404 1341 3443 solio
1372 3403 1425 3442 ad
1455 3402 1764 3453 capessendam
1786 3400 1929 3454 fugam
1960 3402 2072 3444 desi-

1195 3467 1309 3507 liisse
1330 3465 1515 3505 dicatur.
