2352 4022
932 320 1275 360 PRAEFA‘rio.
1910 306 2018 360 109

194 443 439 498 videtur:
478 459 715 513 quorum
740 443 948 495 eximio
973 443 1183 510 fulgore
1209 441 1445 494 multum
1481 439 1814 493 caerimoniis
1833 445 1850 468 ⁸
1888 455 2017 492 nos-

194 531 292 583 tris
317 530 542 598 inclytae
569 526 880 581 claritatis⁹
919 527 1201 579 accessi&
1273 526 1432 580 Deos
1466 525 1614 578 enim
1653 524 1897 592 reliquos
1925 539 2016 576 ac-

191 616 457 684 cepimuS,
498 614 753 667 Caesares
785 610 1079 665 dedimus,f
1148 612 1218 664 Et
1257 611 1523 680 quoniam
1561 610 1781 663 initium
1806 627 1842 663 a
1865 610 2019 662 cultu

193 700 442 752 Deorum
466 705 648 769 petere
670 699 725 750 in
748 698 929 751 animo
954 701 1057 763 est,
1093 697 1164 750 de
1205 697 1520 750 conditione
1545 697 1666 767 ejus
1703 695 2018 750 summatim

192 783 482 838 disseram.

245 934 269 963 ἆ
292 933 343 976 δί·
359 935 486 988 poe'toe
498 934 816 988 proestmtiseimi
833 935 958 975 solent
978 934 1155 973 invocare
1172 933 1304 973 Deum
1326 933 1494 985 uliqzoem
1518 932 1635 974 initio
1660 945 1818 989 operum
1846 946 2019 986 suorum,

191 990 312 1030 multo
330 992 456 1040 magis
473 1003 543 1040 ego
561 990 673 1039 longe
692 989 774 1028 iuis
790 988 956 1038 inferior
983 987 1099 1027 debeo
1125 987 1335 1038 implorare
1365 992 1475 1027 tuum
1497 987 1703 1037 favorem.-
1731 989 1831 1039 quod
1864 988 2020 1028 incerta

190 1047 345 1083 tantum
358 1044 535 1095 opinione
553 1043 813 1093 cognoscimus
838 1041 1090 1082 divinitatem
1121 1042 1285 1081 aliorum
1317 1043 1501 1093 Deorum,
1530 1047 1637 1081 tuam
1666 1055 1756 1082 vero
1787 1045 2020 1092 praesentem

189 1097 310 1136 oculis
325 1099 531 1146 cernimus,
557 1098 741 1149 (equalem
772 1096 978 1136 divinitati
1006 1096 1066 1135 tm·
1090 1095 1218 1146 patris
1235 1095 1425 1146 Augusti,
1453 1100 1492 1136 et
1521 1096 1581 1136 tui
1607 1096 1671 1134 avi
1689 1096 1793 1135 Julii
1818 1095 1989 1135 Caesaris
2004 1109 2021 1142 ‚·

188 1150 330 1202 quibus
358 1151 402 1191 in
430 1151 606 1191 Deorum
636 1163 836 1191 numerum
863 1150 1063 1202 ascripti-3,
1101 1150 1243 1200 ingens
1269 1150 1507 1190 coerimoniis
1539 1150 1803 1189 Romanorum
1837 1152 2019 1202 splendor

188 1204 364 1246 accessit.

948 1282 1254 1298 mm„

190 1363 426 1459 gene-{usk
452 1369 492 1406 2.
527 1366 705 1408 Mediol.
734 1371 781 1407 et
810 1367 1092 1420 Mogunt.—9
1120 1367 1174 1407 In
1205 1366 1462 1420 quibusdam
1493 1365 1621 1408 codd.
1650 1367 1829 1407 Torren.
1859 1366 2018 1419 inclytoe

191 1430 216 1458 u
232 1430 316 1458 aen
337 1431 361 1459 α
380 1431 429 1459 ιε.

1006 1515 1185 1557 NOTAE

189 1609 303 1662 gusti
322 1609 519 1650 Tiberius
538 1616 690 1662 natura
708 1611 821 1652 filius
849 1612 958 1654 fuit:
989 1613 1066 1653 sed

187 1672 263 1713 ille
282 1685 308 1712 a
324 1673 443 1715 Julio
473 1687 527 1715 ex
554 1674 687 1717 Accia
710 1677 867 1717 sororis
886 1677 975 1717 filia
994 1689 1067 1717 ne·

187 1747 295 1787 pos;
323 1737 392 1777 hic
419 1738 471 1777 ab
496 1739 694 1792 Augusto
728 1753 781 1780 ex
815 1741 936 1781 Livia
967 1754 1066 1782 con·

182 1797 290 1851 juge
341 1801 577 1855 privignus,
615 1803 752 1844 haeres
804 1810 1067 1845 testamento

186 1862 370 1915 scriptus
398 1870 478 1905 est.

241 1923 263 1951 ‘¹
289 1925 441 1979 Sideri]
462 1928 600 1969 'Dum
636 1928 682 1969 in
719 1930 937 1981 honorem,
975 1930 1066 1970 sive

185 1987 370 2029 Veneris
399 1991 637 2043 genitricis,
663 1997 713 2032 ut
741 1994 832 2033 vult
878 1993 1066 2043 Plinius,

186 2050 278 2092 sive
305 2053 413 2095 Julii
429 2055 631 2105 Caesaris,
656 2060 707 2096 ut
733 2056 887 2096 scribit
913 2057 1066 2096 Sueto·

185 2114 296 2167 nius,
321 2116 443 2157 ludos
477 2117 628 2158 ederet
666 2117 909 2170 Augustus:
939 2119 1065 2160 crini-

186 2181 278 2219 tum
308 2179 437 2221 sidus
458 2193 534 2233 per
563 2186 730 2234 septem
757 2182 848 2223 dies
868 2183 1066 2236 Septem-

186 2241 371 2282 trionem
392 2255 539 2284 versus
557 2243 728 2285 fulsisse
749 2244 936 2296 dicitur3
973 2258 1064 2287 cre-

186 2304 411 2359 ditumque
430 2307 558 2360 vulgo
587 2313 653 2348 est
672 2309 859 2349 animum
880 2309 1063 2350 Caesaris

182 2379 276 2410 esse
294 2368 339 2409 in
356 2370 508 2410 coelum
527 2372 717 2423 recepti:
739 2371 922 2425 ideoque
936 2372 1065 2424 illius,

186 2435 279 2472 tum
306 2433 477 2486 statuis,
505 2438 594 2474 tum
619 2435 817 2487 nummis,
834 2437 959 2476 stella
990 2437 1063 2476 ad-

182 2495 292 2537 dita.
359 2497 428 2537 lta
456 2498 701 2540 Suetonius.
772 2499 900 2540 Unde
931 2500 1063 2541 etiam

183 2558 413 2611 Virgilius:
449 2561 596 2603 ‘Ecce
630 2562 802 2603 Dionaei
849 2565 1062 2616 processit

187 2621 370 2662 Caesaris
391 2624 581 2665 astrum!
623 2627 679 2666 Et
697 2626 919 2667 Horatius:
945 2630 957 2651 ‘
976 2628 1060 2668 Mi-

185 2689 260 2725 cat
277 2684 394 2726 inter
421 2699 566 2727 omnes
586 2687 750 2729 Julium
780 2690 916 2740 sidus,
944 2692 1062 2732 velut

183 2745 301 2788 iuter
325 2749 446 2800 ignes
474 2751 593 2791 Luna
614 2752 827 2793 minores-²
880 2755 1060 2796 Stellam

183 2821 288 2851 vero
307 2818 407 2863 post
424 2811 612 2866 Augusti
631 2815 792 2856 obitum
811 2819 1060 2870 apparuisse

185 2884 325 2926 nemo,
352 2877 464 2928 quod
497 2879 644 2929 sciam,
672 2881 889 2922 memoriae
917 2883 1061 2934 prodi-

185 2935 275 2978 dit:
311 2950 397 2980 non
428 2940 569 2982 defuit
603 2947 763 2997 tamen,
788 2944 824 2984 si
855 2945 1061 2986 Suetonio

1135 1611 1365 1664 credimus,
1406 1611 1471 1652 vir
1501 1610 1760 1658 Praetorius,
1786 1609 2018 1650 Numerius

1134 1678 1319 1728 nomine,
1348 1677 1421 1731 qui
1440 1677 1625 1716 animum
1644 1676 1755 1716 illius
1782 1680 1954 1716 euntem
1975 1677 2019 1716 in

1134 1744 1288 1784 coelum
1310 1743 1466 1782 vidisse
1496 1754 1542 1782 se
1562 1740 1846 1794 jurejurando
1866 1740 2019 1781 confir-

1133 1812 1299 1857 maret;
1344 1806 1464 1858 cujus
1512 1804 1729 1846 mendacii
1780 1805 2020 1857 praemium,

1135 1876 1249 1912 teste
1270 1871 1425 1922 Dione,
1453 1869 1526 1910 lib.
1548 1880 1657 1911 Lvu.
1687 1869 1832 1910 decies
1860 1874 2018 1910 sester-

1135 1935 1243 1974 tium
1264 1947 1289 1974 a
1308 1933 1431 1974 Livia
1450 1933 1562 1974 dono
1582 1932 1766 1984 accepit.
1830 1932 2018 1986 Utrique

1135 2003 1278 2038 tamen
1298 1997 1415 2038 sidus
1440 2009 1523 2038 non
1550 1995 1767 2037 immerito
1799 1995 2018 2048 tribuitur,

1134 2074 1232 2103 cum
1265 2062 1308 2102 in
1342 2063 1536 2102 Deorum
1574 2071 1797 2101 numerum
1833 2065 2017 2113 uterque

1134 2125 1354 2178 ascriptus
1374 2130 1505 2165 esset.

1188 2193 1206 2214 ²
1234 2186 1504 2238 Caerimoniis]
1531 2185 1788 2227 Caerimonia
1819 2184 1929 2225 ritus
1949 2190 2018 2226 est

1133 2262 1270 2300 sacer,
1300 2262 1404 2291 voce
1430 2249 1642 2300 deducta,
1686 2249 1755 2289 vel
1786 2261 1812 2289 a
1843 2249 2018 2299 Cerere,

1130 2314 1199 2354 vel
1226 2314 1368 2366 potius
1394 2326 1420 2353 a
1449 2314 1572 2354 Caere
1597 2312 1814 2354 Hetruriae
1835 2313 2015 2365 oppido,

1132 2376 1247 2430 quod
1285 2377 1434 2418 Livius
1470 2378 1546 2418 lib.
1566 2391 1651 2419 vu.
1683 2379 1876 2432 appellat
1906 2380 2014 2420 ‘Sa-

1131 2440 1317 2480 crarium
1337 2442 1485 2494 populi
1507 2442 1703 2491 Romani,
1733 2442 2015 2484 diversorium

1131 2504 1421 2557 sacerdotum,
1449 2517 1500 2545 ac
1525 2506 1849 2558 receptaculum
1870 2519 2013 2547 sacro-

1129 2572 1250 2609 rum.’
1303 2569 1431 2611 Quod
1462 2569 1592 2610 etiam
1615 2571 1744 2623 paulo
1777 2575 1874 2624 post
1901 2570 2013 2612 affir-

1127 2641 1218 2672 mat
1235 2633 1434 2674 Valerius
1453 2645 1495 2674 n.
1519 2637 1585 2675 10.

1181 2692 1197 2721 s
1223 2697 1400 2737 Caesares
1426 2696 1620 2748 dedimus]
1650 2697 1812 2738 Julium
1846 2703 1892 2738 et
1924 2698 2012 2738 Au-

1125 2763 1311 2811 gustum,
1338 2772 1519 2813 quorum
1537 2760 1609 2800 ille
1628 2759 1682 2800 ab
1703 2759 1916 2813 Augusto,
1942 2762 2011 2802 hic

1126 2834 1152 2862 a
1186 2822 1371 2874 Tiberio,
1393 2824 1435 2864 in
1469 2826 1665 2866 Deorum
1695 2838 1916 2868 numerum
1945 2839 2010 2867 as·

1127 2884 1294 2939 criptus
1314 2892 1392 2928 est.
