2346 3952
681 264 995 304 GENTIBUS
1044 263 1113 301 ΕΤ
1158 261 1308 300 FAMI
1325 260 1465 299 Lus.

133 392 279 432 multae
302 389 509 441 bonaeque
527 391 643 428 artes
661 386 788 427 animi
804 392 849 425 et
869 397 1020 436 corpo-

132 455 189 494 ris
210 458 351 503 erant‚
366 464 470 505 quas
492 463 640 491 omnes
658 449 839 490 avaritia
859 461 1021 500 praepe-

134 517 301 559 diebat.
357 515 536 556 Patiens
563 514 771 563 laborum,
790 511 881 551 acri
899 511 1019 561 inge-

134 579 343 633 nio,-satis
372 577 616 630 providens,
644 577 747 617 belli
768 574 880 614 haud
900 575 1019 626 igna-

134 657 226 695 rus,
261 641 526 683 firmissimus
558 645 710 681 contra
746 638 943 692 pericula
975 643 1022 678 et

135 706 348 750 insidias!

188 774 262 814 De
281 773 330 813 L.
349 758 454 812 vero
479 769 641 810 Pisone
661 767 778 807 urbis
797 764 1024 806 Praefecto

134 838 199 878 ita
217 835 412 877 Velleius
432 833 507 874 lib.
529 845 582 874 11.
611 833 624 855 ‘
644 832 711 872 De
731 843 814 884 quo
833 830 923 870 viro
943 830 1023 870 hoc

435 1018 670 1081 GENS
739 1011 1146 1077 CLAUDIA

187 1149 509 1193 CtAumoRmu
550 1149 647 1190 duae
687 1154 839 1202 gentes
872 1149 1020 1189 Romae

133 1211 328 1263 fuerunt,
348 1213 502 1263 quibus
518 1212 665 1266 dispar
678 1213 852 1266 quidem
870 1224 1019 1264 genuS,

136 1275 213 1316 sed
233 1287 314 1327 par
334 1276 497 1327 gloria3
527 1289 624 1317 nam
659 1277 796 1317 altera
829 1275 1022 1316 Patricia

131 1338 230 1391 fuit,
249 1339 434 1381 Plebeia
453 1341 620 1382 altera:
652 1347 698 1382 at
715 1346 896 1393 utraque
917 1339 1019 1379 viris

135 1403 252 1445 domi
285 1403 542 1457 militiaeque
571 1404 748 1457 inclytis
788 1403 1018 1443 admodum

131 1465 347 1509 foecunda.
403 1467 595 1508 Primum
614 1467 669 1508 de
700 1467 910 1517 Patricia,
929 1472 1019 1506 tum

133 1529 188 1572 de
210 1530 403 1581 plebeia,
423 1531 573 1583 paucis
592 1531 796 1571 dicemus.

185 1591 347 1634 Accius
363 1593 544 1635 Clausus
562 1594 760 1646 Sabinus,
781 1593 849 1633 cui
867 1599 1021 1645 postea

132 1655 278 1710 Appio
298 1658 478 1700 Claudio
497 1671 652 1700 nomen
680 1659 779 1710 fuit,
799 1671 878 1699 sex
897 1659 1020 1698 circi-

133 1727 203 1762 ter
222 1733 353 1764 annos
372 1729 470 1775 post
497 1730 675 1765 exactos
703 1725 843 1776 Reges
877 1723 1019 1774 Regil-

131 1785 186 1825 lis
205 1785 384 1827 Romam
405 1799 500 1828 curn
529 1786 812 1841 profugisset,
832 1794 876 1828 et
905 1789 1019 1828 iuter

132 1851 351 1894 Patricios
368 1853 549 1894 allectus
571 1859 654 1904 est,
687 1858 734 1894 et
754 1853 898 1893 multis
919 1865 1017 1893 cum

131 1913 225 1966 ipse
240 1915 469 1957 decoratus
498 1916 746 1967 honoribus,
766 1921 855 1958 tum
885 1916 1018 1967 ipsius

133 1979 312 2031 posteri,
331 1981 405 2034 qui
435 1981 740 2023 Consulatibus
768 1985 835 2023 28.
866 1982 1018 2022 Dicta-

132 2042 243 2083 turis
277 2048 320 2084 5.
367 2044 575 2086 Censuris
608 2049 650 2086 7.
692 2044 938 2096 Triumphis
976 2048 1017 2085 6.

135 2105 424 2148 Orationibus
461 2107 503 2148 2.
548 2108 755 2149 claruisse
805 2108 1020 2148 dicuntur.

135 2170 329 2213 Primum
350 2171 639 2223 Regillenses,
667 2171 823 2212 deinde
852 2172 1021 2222 Crassi;

135 2231 339 2286 «lenique,
371 2233 446 2274 ubi
479 2235 620 2287 gentis
649 2235 694 2275 in
723 2240 812 2275 tres
841 2233 1024 2275 familias

135 2295 328 2349 ab‘App.
351 2298 470 2338 Coeci
492 2298 640 2338 liberis
672 2298 902 2338 divortium
933 2297 1022 2338 fac-

134 2364 226 2399 tum
263 2366 359 2411 est;
403 2361 476 2400 alii
518 2361 688 2402 Claudii
718 2361 914 2411 Pulchri,
950 2362 1024 2401 alii

133 2423 350 2476 Nerones,
370 2424 444 2465 alii
459 2425 707 2474 Centhones
722 2425 849 2477 vulgo
864 2437 1024 2466 nuncu·

134 2487 226 2539 pati
245 2493 357 2529 sunt.

190 2561 222 2589 ι.
252 2549 397 2602 Appio
431 2551 613 2592 Claudio
639 2553 782 2605 gentis
811 2552 1016 2604 principi,

135 2612 205 2664 qui
233 2610 394 2656 Consul
411 2611 553 2654 fuerat
572 2626 681 2654 anno
701 2617 796 2654 258.
825 2614 911 2654 duo
941 2614 1016 2654 filii

133 2674 224 2714 nati
241 2680 357 2727 sunt,
383 2687 438 2718 11.
457 2676 627 2729 Appius
643 2684 689 2717 et
709 2678 837 2717 Caius
859 2691 873 2728 ;
901 2685 1015 2718 uter-

135 2749 218 2790 que
243 2739 420 2791 Consul,
449 2740 521 2780 ille
559 2753 671 2781 anno
699 2745 795 2782 282.
819 2742 890 2782 hic
922 2746 1017 2784 293.

135 2801 306 2855 Appius
326 2803 462 2857 plebi,
488 2804 639 2845 itidem
662 2810 711 2846 ut
729 2811 871 2858 pater,
891 2805 1019 2847 infes-

134 2870 223 2918 tus,
258 2866 515 2920 exercitum,
562 2869 676 2921 quod
720 2878 913 2922 pugnare
951 2871 1022 2911 de-

136 2934 386 2983 trectasset,
399 2931 524 2971 caesis
551 2933 889 2986 centurionibus,
905 2941 1022 2974 sorte

136 2989 391 3044 decimavit;
420 3005 493 3034 111.
510 2993 727 3048 filiumque
755 2996 906 3038 habuit
932 2996 1023 3050 Ap-

135 3054 255 3106 pium
274 3055 411 3106 illum,
430 3057 504 3110 qui
523 3070 633 3099 anno
652 3062 748 3099 302.
780 3060 1025 3111 Decemvir‚

135 3130 235 3159 cum
283 3125 329 3161 et
365 3121 667 3174 Principatum
704 3121 949 3175 affectaret,
979 3131 1026 3166 et

139 3183 380 3236 virginiam
413 3184 638 3235 Virginem
677 3199 702 3226 a
729 3192 855 3239 patre
891 3188 1024 3228 abdu-

139 3258 240 3287 cere
275 3254 525 3301 conaretur,
562 3251 785 3303 conjectus
811 3252 852 3291 in
875 3265 1024 3293 carce-

140 3322 231 3349 rem
246 3310 326 3350 sibi
346 3318 525 3352 mortem
546 3315 771 3355 conscivit.
808 3327 874 3356 1v.
902 3316 1023 3355 Illius

142 3370 256 3414 filius
292 3375 506 3415 Tribunus
535 3376 732 3417 militaris
781 3390 891 3418 anno
928 3382 1023 3420 329.

1906 247 1980 299 39

1092 382 1285 423 omnibus
1300 380 1570 421 sentiendum
1589 391 1639 419 ac
1655 378 1980 430 praedicandum

1091 455 1172 497 est,
1194 459 1284 486 esse
1305 456 1446 485 mores
1468 444 1559 496 ejus
1572 443 1716 494 vigore
1736 455 1786 483 ac
1802 442 1982 482 lenitate

1089 511 1392 558 mixtissimos;
1433 513 1479 548 et
1499 507 1571 547 vix
1591 518 1834 559 quenquam
1856 517 1982 557 repe·-

1091 574 1165 614 riri
1187 586 1331 626 posse,
1353 573 1426 625 qui
1457 576 1532 612 aut
1552 570 1685 611 otium
1707 575 1781 609 aut
1800 568 1982 610 validius

1088 638 1258 689 diligat,
1289 642 1364 678 aut
1391 634 1559 676 facilius
1587 631 1774 673 sufficiat
1794 633 1987 683 negotio,

1088 709 1134 741 et
1152 702 1289 754 magis
1306 713 1402 754 quae
1424 698 1590 752 agenda
1608 702 1709 737 sunt
1726 701 1868 747 curet,
1886 695 1980 736 sine

1091 767 1180 806 ulla
1200 764 1493 806 ostentatione
1509 760 1693 814 agendi!

1220 1011 1674 1075 PATRICIA.

1091 1158 1133 1186 v.
1172 1157 1306 1197 nepos
1353 1145 1565 1185 Dictator
1605 1139 1822 1182 Hernicos
1860 1139 1986 1182 vicit.

1089 1223 1152 1252 vr.
1182 1223 1395 1263 pronepos
1434 1209 1609 1259 Consul,
1648 1217 1795 1247 omnes
1831 1205 1982 1257 Appii.

1095 1289 1178 1317 vu.
1211 1277 1418 1328 Abuepos
1449 1286 1550 1314 vero
1571 1274 1622 1314 C.
1643 1271 1845 1312 Claudius
1879 1272 1982 1311 Dic-

1092 1346 1205 1380 tator
1238 1344 1336 1380 416.
1364 1340 1436 1392 qui
1469 1344 1558 1379 tres
1587 1336 1779 1388 suscepit
1815 1335 1987 1385 liberos,

1093 1416 1196 1445 vm.
1235 1403 1462 1445 Claudiam
1513 1402 1750 1451 Vestalem,
1793 1404 1839 1439 et
1877 1399 1984 1438 duos

1089 1468 1256 1520 Appios
1280 1482 1292 1518 ;
1317 1474 1424 1508 natu
1443 1466 1596 1518 majori
1619 1465 1763 1505 Crassi
1783 1471 1827 1503 et
1851 1463 1987 1514 Coeci,

1089 1538 1194 1572 natu
1213 1532 1366 1572 minori
1401 1529 1604 1571 Caudicis
1625 1539 1863 1581 cognomen
1885 1525 1985 1577 fuit,

1090 1598 1202 1652 quod
1235 1598 1400 1638 Consul
1434 1608 1546 1636 anno
1582 1597 1679 1640 489.
1708 1593 1981 1634 Mamertinis

1090 1663 1250 1703 auxilio
1265 1663 1432 1713 missus,
1452 1660 1594 1713 parvis
1617 1659 1828 1699 naviculis
1856 1670 1981 1698 exer·

1090 1729 1221 1767 citum
1266 1727 1307 1766 in
1355 1725 1546 1766 Siciliam
1593 1721 1849 1763 traduxerit.
1912 1721 1984 1760 De

1088 1792 1233 1831 Poeuis
1257 1797 1301 1831 et
1325 1790 1517 1830 Hierone
1554 1795 1642 1828 tum
1672 1787 1870 1836 victoria,
1891 1791 1982 1825 tum

1088 1855 1320 1908 triumpho,
1356 1860 1510 1906 postea
1532 1853 1728 1893 Censura
1747 1851 1888 1891 clarus
1911 1862 1984 1888 ex·

1087 1921 1189 1962 titit.
1963 1932 1966 1933 ⁷

1143 1985 1287 2036 Major
1308 1990 1447 2024 tamen
1471 1981 1607 2034 gloria
1622 1979 1707 2020 fuit
1727 1978 1872 2019 fratris
1893 1978 1983 2031 Ap-

1089 2050 1151 2102 pii
1171 2050 1314 2089 Crassi
1334 2048 1426 2087 sive
1447 2045 1581 2093 Caeci,
1617 2044 1688 2096 qni
1723 2043 1788 2082 bis
1823 2043 1985 2082 Consul

1091 2116 1207 2153 anno
1238 2116 1335 2153 447.
1367 2117 1411 2151 et
1447 2113 1542 2150 457.
1593 2108 1725 2147 semel
1762 2107 1984 2152 Dictator,

1090 2176 1286 2227 Sabinos,
1305 2174 1534 2223 Samnites,
1557 2177 1603 2212 et
1635 2173 1844 2211 Etruscos
1863 2183 1984 2222 saepe

1095 2240 1224 2280 vicit:
1268 2250 1345 2290 per
1364 2235 1702 2290 quinquennium
1734 2235 1899 2275 Censor
1928 2233 1984 2274 ad

1092 2303 1385 2344 Brundusium
1447 2311 1585 2352 usque
1633 2299 1744 2339 viam
1792 2299 1984 2351 Appiam

1092 2367 1275 2415 stravit;
1324 2370 1368 2406 et
1402 2375 1535 2404 senex
1557 2368 1604 2402 et
1626 2375 1766 2402 caecus
1790 2361 1987 2413 turpissi-

1093 2444 1183 2471 mas
1219 2430 1336 2482 pacis
1365 2442 1461 2469 cum
1500 2427 1673 2479 Pyrrho
1711 2426 1987 2467 conditiones

1059 2530 1061 2533 .
1096 2495 1315 2544 discussit,
1362 2498 1636 2546 quatuorque
1682 2490 1792 2530 filios
1820 2490 1991 2542 genuit,

1086 2557 1278 2614 Appium
1301 2557 1527 2597 Claudium
1559 2556 1775 2604 Crassum,
1812 2555 1864 2593 P.
1883 2554 1986 2594 Pul-

1086 2624 1252 2672 chrum,
1290 2620 1341 2661 C.
1377 2619 1665 2669 Centhonem,
1716 2623 1762 2658 et
1793 2618 1858 2657 Ti.
1896 2618 1982 2657 Ne-

1087 2699 1251 2728 ronem.
1321 2683 1391 2724 An
1440 2684 1556 2735 App.
1608 2683 1785 2723 Crassus
1825 2681 1985 2721 Consul

1087 2753 1183 2791 485.
1201 2748 1366 2801 prolem
1385 2746 1615 2787 masculam
1647 2745 1890 2798 reliquerit,
1910 2745 1985 2785 ob-

1090 2824 1262 2853 scurum
1301 2816 1397 2851 est:
1457 2809 1529 2850 alii
1567 2816 1686 2850 certe
1724 2810 1984 2861 cognomina

1091 2889 1167 2917 sua
1195 2876 1238 2915 in
1256 2881 1344 2914 tres
1365 2873 1657 2914 nobilissimas
1678 2872 1864 2913 familias
1888 2885 1986 2925 pro-

1090 2944 1330 2993 pagarunt:
1380 2951 1476 2978 cum
1513 2950 1537 2978 e
1570 2937 1868 2978 Centhonibus
1900 2936 1986 2976 duo

1096 3009 1283 3053 tantum,
1317 3002 1443 3054 huJus
1491 3002 1638 3054 nepos*
1678 3007 1722 3041 et
1769 3012 1986 3052 pronepos

1097 3066 1226 3107 Caius
1239 3071 1286 3106 et
1299 3064 1487 3117 Appius,
1505 3066 1696 3105 illustres
1716 3063 1893 3114 fuerint,
1913 3064 1986 3103 ille

1096 3130 1334 3171 Consulatu
1357 3142 1467 3169 anno
1484 3133 1579 3170 513.
1596 3129 1804 3179 Censura,
1818 3134 1864 3167 et
1881 3127 1986 3168 Dic-

1095 3198 1272 3242 tatura;
1299 3192 1368 3232 hic
1387 3193 1608 3244 Praetura,
1625 3196 1670 3231 et
1688 3191 1907 3231 Ovatione
1929 3191 1983 3231 de

1096 3256 1366 3307 Celtiberis3
1413 3256 1467 3295 de
1505 3255 1571 3294 his
1610 3254 1816 3294 addemus
1851 3255 1982 3294 nihil:

1093 3331 1207 3359 nunc
1229 3319 1285 3359 de
1306 3319 1523 3369 Pulchris,
1541 3322 1639 3369 post
1660 3317 1715 3357 de
1736 3316 1984 3358 Neronibus

1095 3394 1285 3433 agemus.
