2352 4022
678 307 818 347 CAP.
847 306 888 345 1.
918 304 1012 344 —oss
1055 300 1424 342 numerous.
1862 286 1967 340 127

130 428 342 498 thippib
379 427 798 482 Lacedaemonii
823 426 985 479 ducis
1010 424 1082 477 ad
1108 421 1478 476 miserabilem
1505 418 1718 487 captivi
1738 425 1756 446 ⁶
1792 416 1966 471 fortu-

128 530 259 567 nam
283 514 572 578 deductuS,
600 530 667 567 ac
690 514 897 565 missus
924 511 997 564 ad
1025 511 1084 563 S.
1103 510 1167 562 P.
1188 507 1262 573 Q.
1281 507 1354 560 R.
1379 508 1617 576 legatae,
1652 510 1719 557 ut
1745 520 1816 557 ex
1844 520 1904 556 se
1922 510 1965 543 ⁵⁷

130 605 191 652 et
214 615 344 663 uno,
371 603 426 651 et
449 615 603 662 sene,
631 598 944 666 complures
972 595 1278 646 Poenorum
1315 593 1552 662 juvenes
1575 594 1966 660 pensarentur:

130 683 186 735 in
223 683 563 736 contrarium
600 682 735 735 dato
781 678 1064 742 consili0,‘¹
1113 678 1546 746 Carthaginem‘
1581 673 1899 744 repetiit;⁵⁸
1920 670 1968 731 ’ψ

129 784 241 822 non
254 768 500 836 ignarm,
512 767 585 820 ad
601 783 770 836 quam
783 765 1054 828 crudeleS,
1067 780 1344 832 quamque
1361 763 1555 815 merito
1572 761 1681 814 sibi
1697 760 1972 812 infestosg

132 853 288 905 Deos
305 859 349 895 ⁵⁹
384 856 772 906 reverteretur:
811 867 1000 903 verum
1027 850 1163 918 quia
1181 847 1228 880 ⁶0
1263 850 1350 901 his
1378 848 1686 917 juraverat,
1724 850 1741 874 ‘
1762 845 1813 898 si
1837 861 1970 912 cap-

882 987 1185 1002 mmm?

127 1071 230 1112 Par.
251 1073 401 1111 1.-57
430 1067 680 1109 Perizonius
700 1081 799 1109 cum
819 1067 965 1120 Lipsio
985 1066 1101 1107 delet
1118 1080 1182 1118 ex,
1210 1068 1325 1119 quod
1348 1073 1492 1108 tamen
1513 1068 1557 1108 in
1577 1066 1775 1108 omnibus
1796 1067 1901 1106 Mss.
1924 1070 1971 1106 et

127 1123 229 1165 Vet.
265 1123 388 1175 Lips.
419 1122 598 1175 aliisque
629 1126 880 1164 extat.-—68
908 1123 1012 1162 Vet.
1040 1121 1168 1172 petit.-
1213 1123 1335 1173 Lips.
1368 1122 1508 1173 Lugd.
1541 1134 1638 1162 cum
1674 1120 1820 1160 multis
1858 1121 1970 1160 Mss.

123 1178 258 1229 petiit.
312 1177 420 1222 Mox
439 1177 542 1217 Vet.
561 1188 657 1216 cum
675 1177 799 1217 Leid.
818 1180 931 1228 sept.
952 1181 999 1216 et
1014 1181 1101 1216 oct.
1119 1189 1197 1216 non
1215 1178 1317 1228 quod
1335 1177 1515 1227 ignarus,
1546 1176 1574 1215 i.
1592 1188 1632 1216 e.
1668 1187 1752 1215 non
1773 1174 1887 1226 quod
1908 1174 1970 1225 ig-

123 1243 250 1271 narus
266 1234 510 1271 esset.--69
527 1231 540 1253 ‘
554 1230 665 1271 Deos
684 1230 891 1272 omittunt
906 1231 1022 1271 Dan.
1040 1242 1147 1269 unus
1164 1231 1328 1270 Brand.
1345 1237 1390 1271 et
1407 1230 1526 1270 delet
1545 1229 1758 1281 Guyetus.
1799 1228 1971 1280 Lipsius

126 1285 234 1336 legit
253 1296 333 1324 eos.
372 1284 626 1324 Perizonius
656 1285 846 1325 dominos.
876 1285 1093 1336 Rupertus
1115 1295 1211 1324 cum
1233 1284 1401 1325 duobus
1420 1285 1530 1324 Mss.
1561 1285 1702 1323 hostes.
1732 1282 1969 1322 Torrenius

125 1351 222 1379 cum
241 1338 431 1378 Klokkio
451 1339 607 1378 Poenos·
659 1337 747 1378 Sed
763 1339 872 1379 Deos
890 1338 1026 1379 ceteri
1050 1338 1158 1377 Mss.
1180 1350 1277 1377 cum
1297 1339 1400 1379 Vet.
1424 1338 1542 1389 Lips.
1557 1343 1604 1378 et
1622 1337 1762 1390 Lugd.
1808 1337 1969 1376 Fateor

127 1391 238 1433 Deos
255 1404 406 1444 parum
427 1398 577 1444 aptum
596 1403 708 1443 esse;
738 1399 783 1433 at
803 1405 900 1432 cum
921 1392 1116 1444 plerique
1136 1391 1236 1431 libri
1256 1394 1363 1432 Deos
1381 1392 1558 1443 habent,
1574 1397 1619 1432 et
1637 1404 1663 1431 a
1681 1391 1868 1430 librariis
1884 1402 1970 1430 non

124 1445 353 1497 expectari
373 1451 520 1497 potest
547 1458 620 1491 eos
639 1447 749 1486 lianc
778 1446 1064 1487 difficiliorem
1085 1446 1319 1486 lectionem
1348 1445 1532 1485 faciliori
1561 1446 1854 1494 substituisse,
1884 1444 1970 1484 Va-

124 1500 259 1540 lerius
279 1499 407 1540 etiam
429 1512 546 1540 more
567 1512 643 1540 suo
658 1506 746 1540 tam
767 1501 810 1540 in
831 1500 975 1540 verbis
994 1512 1122 1552 quam
1142 1500 1186 1539 in
1203 1500 1431 1540 sententiis
1452 1499 1743 1551 granditatem
1770 1496 1969 1548 affectat,

125 1559 172 1593 et
190 1551 304 1594 forte
320 1554 402 1592 hoc
423 1553 553 1594 verbo
573 1553 764 1595 indicare
781 1555 930 1605 voluit,
936 1553 1234 1606 jusjurandum
1255 1566 1341 1593 non
1362 1560 1450 1594 tam
1467 1553 1705 1594 hominibus
1726 1564 1854 1605 quam
1870 1551 1970 1591 Diis

125 1607 231 1659 ipsis
252 1608 477 1659 praestan
504 1605 599 1648 fero
617 1609 846 1648 lectionem
867 1612 934 1649 tot
954 1607 1142 1649 testibus
1163 1607 1376 1648 firmatam
1395 1609 1517 1656 Deos,
1544 1619 1679 1660 usque
1698 1607 1798 1646 dum
1820 1605 1971 1646 melior

123 1659 401 1701 inveniatur!
428 1662 674 1714 Kapp.--60
704 1662 883 1714 Pighius
903 1663 1115 1714 expunxit
1135 1662 1241 1714 quia,
1272 1662 1383 1714 quod
1405 1663 1447 1702 in
1469 1663 1622 1714 Camp.
1651 1660 1694 1700 id
1723 1673 1808 1700 non
1843 1672 1968 1710 repe-

121 1715 230 1755 riret
248 1729 260 1765 ;
289 1715 366 1755 sed
385 1721 625 1768 agnoscunt
644 1717 723 1757 hoc
741 1716 916 1757 verbum
936 1715 1100 1757 Brand.
1117 1720 1157 1757 1.
1172 1721 1214 1757 2.
1234 1717 1393 1770 aliique
1414 1729 1511 1757 cum
1524 1717 1629 1756 Vet.
1649 1716 1772 1767 Mog.
1788 1714 1969 1754 Venett.

952 1838 1134 1880 NOTAE

1134 1929 1154 1958 ‘¹
1173 1932 1223 1972 In
1241 1932 1483 1972 eontrarium
1516 1932 1610 1971 dato
1641 1929 1822 1982 consilio]
1861 1929 1969 1970 Cum

1080 2003 1263 2047 negaret
1285 2009 1349 2047 se,
1368 2002 1442 2036 aut
1460 1995 1535 2035 diu
1551 1994 1784 2042 victurum,
1799 1994 1872 2046 qui
1892 1993 1968 2033 du-

123 1927 210 1968 oris
229 1927 358 1969 fratri
387 1929 619 1982 imp'erium
654 1930 845 1984 reliquit.
902 1930 1011 1971 Ter-

123 1991 208 2031 tius
225 1990 363 2032 frater
392 1991 636 2046 Annibalis,
662 1995 733 2035 cui
765 1995 864 2035 dum
893 1996 1011 2035 auxi-

121 2055 223 2095 lium
244 2054 380 2097 ferret
396 2057 442 2097 in
461 2057 649 2110 Italiam,
666 2071 690 2098 a
710 2057 894 2098 Claudio
918 2060 1008 2100 Ne-

121 2129 227 2159 rone
262 2125 310 2159 et
343 2121 466 2161 Livio
497 2121 744 2162 Salinatore
784 2122 925 2163 victus
954 2122 1010 2163 ad

122 2181 373 2223 Metaurum
391 2181 551 2224 flumen
584 2184 759 2226 cecidit.
818 2186 1010 2227 Quartus

122 2244 324 2286 Giscouis
343 2245 473 2298 filius,
493 2252 539 2287 et
556 2247 841 2300 Sophonisbae
870 2255 1015 2302 pater,

121 2309 194 2361 qui
214 2307 271 2348 ab
289 2307 498 2350 Africano
527 2310 698 2363 Majore
725 2312 899 2364 saepius,
921 2319 1010 2353 tum

122 2370 166 2411 in
187 2371 402 2424 Hispania
420 2378 512 2414 tum
539 2374 584 2413 iu
603 2373 755 2416 Africa
779 2383 1010 2428 superatus

122 2441 204 2487 est,
232 2435 471 2490 missusque
501 2438 680 2478 Romam
713 2450 865 2490 pacem
899 2440 1010 2481 obti-

123 2499 232 2540 nuit.
287 2500 479 2542 Quintus
499 2501 572 2541 ille
603 2500 701 2552 fuit,
721 2502 795 2556 qui
830 2503 1010 2544 Cartha-

123 2562 224 2614 gine
239 2575 264 2602 a
279 2563 481 2615 Scipione
493 2563 720 2605 AEmiliano
737 2571 883 2618 capta,
899 2567 1010 2607 clam

124 2626 180 2667 ad
217 2626 359 2678 ipsum
395 2625 609 2680 perfugit,
639 2629 792 2670 relicta
827 2630 872 2670 in
911 2643 1012 2672 arce

122 2689 324 2742 conjuge,
356 2702 451 2742 quae
483 2691 659 2740 liberos,
694 2698 742 2732 ut
777 2691 1012 2736 Asdrubali

121 2752 336 2805 ignaviam
365 2754 672 2808 exprobraret,
688 2769 767 2797 sua
792 2769 920 2798 manu
948 2759 1010 2799 in-

122 2815 313 2859 terfecit.

175 2879 197 2908 ¹³
209 2881 453 2935 Xanthippi]
474 2882 811 2936 Lacedaemonii,
823 2885 896 2939 qui
909 2886 1012 2927 Car-

125 2943 468 2995 thaginiensibus
489 2947 652 2987 auxilio
669 2954 866 2990 venerat.

176 3014 195 3036 ⁰
212 3009 280 3050 Aa
298 3010 560 3051 miserabilem
577 3013 741 3064 captivi,
759 3013 851 3065 &tf-J
883 3013 1011 3066 Capti

121 3073 267 3114 etiaur
285 3086 383 3114 cum
414 3073 528 3115 duce
555 3075 738 3116 Romani
766 3076 1010 3129 quingenti,

122 3146 239 3176 cesa
256 3148 360 3176 vero
379 3136 534 3188 viginti
550 3137 685 3178 millia
712 3150 765 3178 ex
784 3139 941 3193 Polyb.
959 3146 1007 3181 et

123 3199 299 3241 Oresio.
353 3200 590 3242 Numerum
605 3207 738 3254 auget
758 3202 1009 3255 Eutropius,

122 3265 196 3318 qui
212 3265 403 3320 quinque
434 3266 570 3307 millia
589 3273 719 3319 capta
750 3268 920 3320 scribit,
938 3281 1008 3309 oc-

120 3329 213 3370 cisa
246 3340 352 3371 vero
384 3331 563 3383 triginta
601 3331 764 3382 millia;
805 3338 1009 3386 tantaque

123 3399 308 3446 accepta
336 3394 503 3447 clades,
538 3401 588 3437 ut
619 3409 674 3438 ex
707 3398 1011 3449 potentissimo

124 3458 334 3505 exercitu,
355 3458 425 3528 vin
445 3459 531 3500 duo
559 3461 694 3502 millia
715 3462 924 3514 Clupeam
943 3461 1011 3503 fu-

125 3530 177 3569 ga
196 3527 487 3571 pervenerint.

1079 2059 1179 2100 dum
1202 2060 1465 2111 Carthagine
1495 2069 1705 2098 venenum
1728 2056 1938 2097 ebibisset
1955 2070 1968 2096 ε

1080 2122 1142 2162 ita
1180 2123 1293 2163 enim
1337 2122 1504 2163 Gellius
1541 2128 1587 2161 et
1624 2121 1845 2168 Zonaras;
1894 2126 1971 2160 aut

1079 2198 1326 2227 mansurum
1357 2187 1399 2225 in
1420 2198 1472 2226 ea
1491 2184 1690 2234 civitate,
1709 2183 1752 2222 in
1773 2196 1856 2236 qua
1876 2183 1970 2238 dig-⁴

1079 2248 1261 2290 nitatem
1281 2249 1453 2290 honesti
1478 2248 1585 2289 civis
1614 2248 1845 2287 Poenorum
1865 2258 1970 2299 cap-

1081 2312 1193 2352 tivus
1226 2313 1417 2354 retinere
1452 2324 1534 2352 nou
1564 2316 1743 2362 posset:
1787 2309 1852 2349 ita
1882 2311 1968 2349 Eu-

1082 2376 1264 2428 tropiuS.
1322 2377 1475 2428 anue
1495 2374 1592 2425 fuit,
1607 2386 1680 2413 seu
1700 2372 1788 2412 fide
1808 2373 1848 2411 in
1869 2373 1968 2413 Poe-

1081 2452 1174 2491 nos,
1209 2452 1285 2480 seu
1313 2440 1550 2480 severitate
1580 2438 1626 2478 in
1665 2448 1781 2486 suos,
1809 2441 1858 2475 ut
1886 2448 1970 2476 nec

1079 2503 1228 2543 urbem
1247 2502 1436 2556 ingredi,
1454 2514 1536 2543 nec
1564 2512 1742 2541 uxorem
1763 2499 1818 2539 ad
1838 2500 1968 2540 collo-

1079 2568 1224 2620 quium
1244 2568 1476 2608 admittere
1495 2564 1762 2607 sustinuerit.

1133 2637 1151 2657 θ
1173 2631 1475 2684 Carthaginem]
1509 2631 1660 2670 Romae
1677 2629 1744 2669 his
1764 2628 1969 2680 tempori-

1079 2693 1159 2734 bus
1180 2695 1394 2734 aemulam.
1450 2694 1674 2747 Tyriorum
1695 2692 1865 2733 colonia
1884 2691 1970 2732 fuit

1079 2756 1123 2797 in
1143 2770 1218 2797 ora
1247 2757 1411 2799 Africae
1444 2758 1678 2808 maritima,
1710 2757 1800 2798 suis
1834 2756 1968 2797 etiam

1080 2821 1274 2862 victoriis
1294 2827 1340 2862 et
1359 2822 1483 2862 clade
1513 2822 1766 2862 clarissima.
1826 2821 1970 2862 Car-tin

1082 2898 1135 2924 ex
1150 2886 1245 2938 ejus
1264 2886 1398 2926 ruinis
1416 2886 1637 2927 Tunetum
1654 2886 1866 2927 exercuit.
1897 2887 1969 2925 De

1080 2948 1144 2989 his
1162 2947 1298 2989 fusius
1318 2948 1361 2988 in
1378 2948 1571 2990 Justino.

1133 3010 1153 3037 f
1178 3011 1376 3064 Repetite]
1431 3011 1726 3065 Jurejurando
1759 3012 1873 3053 enim
1909 3022 1971 3050 as-

1079 3076 1234 3116 trictus
1266 3083 1379 3128 erat,
1413 3082 1478 3128 ut,
1510 3077 1546 3116 si
1583 3089 1665 3116 nec
1693 3088 1844 3128 pacem
1887 3086 1968 3115 nec

1079 3140 1353 3193 captivorum
1400 3141 1762 3193 permutationem
1797 3139 1969 3180 obtine-

1078 3210 1162 3255 ret,
1177 3203 1342 3244 rediret
1361 3204 1414 3260 ad
1434 3204 1622 3244 vincula.

1131 3274 1151 3313 t
1183 3267 1266 3309 An.
1286 3269 1351 3309 M.
1370 3272 1493 3309 3803.
1516 3267 1588 3308 01.
1609 3271 1702 3307 152.
1724 3270 1765 3306 2.
1785 3265 1893 3307 Urb.
1915 3266 1968 3308 C.

1077 3335 1173 3373 502.
1197 3331 1300 3372 Ant.
1314 3333 1364 3373 C.
1383 3336 1478 3373 250.
1890 3335 1897 3339 ’

1132 3402 1154 3431 ⁸
1173 3396 1325 3436 Merito
1342 3395 1420 3436 sibi
1446 3393 1630 3445 infestos]
1674 3393 1804 3435 Quod
1832 3394 1967 3434 multa

1077 3461 1171 3512 ipse
1190 3460 1422 3500 Poenorum
1441 3458 1577 3498 millia
1595 3457 1843 3499 occidisset.
