2352 4022
730 292 865 331 car.
893 291 1002 330 vn.
1043 293 1122 330 ne
1162 291 1432 331 somnus
1880 283 1988 336 195

167 417 370 466 struere
408 412 762 464 voluissem*
837 411 1091 481 Namque
1136 409 1475 465 Cassandri¹²
1511 412 1831 480 pestiferam
1876 416 1987 466 sibi

168 497 457 551 dexteram
484 498 700 550 somnio
727 498 878 566 prius
899 498 1182 564 cognovit,
1210 514 1380 566 quam
1407 498 1566 551 exitu
1593 499 1798 567 sensit;
1837 501 1989 552 exis·

167 582 385 637 timavit
409 583 571 646 enim,
597 583 668 634 ab
695 582 793 634 illo
828 598 887 633 se
911 580 1163 645 interfici,
1191 599 1315 634 cum
1344 599 1474 635 eum
1499 599 1778 651 nunquam
1817 585 1989 637 vidis-

170 666 326 720 set.⁴⁸
425 667 763 735 Interposito
799 665 998 718 deinde
1043 670 1358 734 tempore,49
1404 673 1705 736 postquam
1754 669 1811 720 in
1855 685 1989 729 con-

170 758 430 820 spectum
471 752 732 815 venisset,
780 752 1035 803 nocturni
1075 758 1253 804 metus
1294 753 1576 820 patefacta
1619 754 1880 821 imagine,
1929 758 1993 807 ut

171 836 453 907 Antipatri
478 837 654 889 filium
681 853 806 889 esse
845 837 1126 903 cognovit,
1167 837 1385 906 adjecto
1422 855 1583 891 versu
1628 838 1853 903 Graeco,
1894 841 1991 908 qui

172 919 336 973 fidem
372 921 715 977 somniorum
755 920 962 981 elevat,
1005 921 1310 989 praeparati
1353 921 1472 989 jam
1515 922 1782 974 adversus
1818 929 1994 992 caput

171 1022 336 1059 suum
375 1004 650 1068 veneficii,
687 1021 800 1073 quo
841 1003 1146 1059 occidissei
1184 1005 1486 1060 Cassandri
1527 1024 1695 1060 manu
1739 997 1994 1074 creditur,

172 1090 551 1160 suspicionem
577 1091 760 1143 animo
787 1091 1036 1160 repulit.n
1052 1091 1076 1115 *

223 1269 255 1289 ¹¹¹
282 1263 508 1314 Sifortuna
525 1267 708 1307 voluisset
723 1268 785 1308 illi
803 1271 967 1308 mentem
984 1267 1143 1317 iniicere
1159 1268 1374 1318 utsugeret
1390 1267 1617 1318 periculum.

225 1323 247 1343 '¹
277 1319 375 1358 Cum
391 1321 631 1370 cognovisset
648 1321 792 1361 vidisse
808 1333 849 1360 se
866 1322 974 1361 illius
991 1322 1202 1371 imaginem
1219 1322 1259 1360 in
1279 1325 1465 1361 nocturno
1482 1321 1629 1360 somnio
1644 1332 1658 1365 ‚-
1683 1319 1749 1359 ubi
1766 1317 1895 1359 audiit
1915 1328 1996 1356 esee

157 1368 296 1421 filium
315 1373 536 1424 Antipatri,
562 1375 698 1413 addito
717 1387 831 1415 versu
853 1374 1008 1424 Graeco,
1033 1388 1106 1426 quo
1124 1375 1315 1414 minuitur
1319 1375 1442 1427 fides,
1467 1387 1552 1425 quoe
1572 1374 1737 1413 habetur
1751 1372 1926 1421 somniis,
1946 1382 1996 1409 ex

171 1428 296 1464 mente
313 1426 486 1479 deposuit
496 1427 751 1478 suspicionem
768 1428 942 1479 potionis
952 1433 1149 1469 venenatae
1177 1431 1314 1467 contra
1342 1428 1451 1467 illius
1481 1427 1605 1467 vitum
1631 1430 1783 1479 parata·
1798 1438 1814 1474 ‚·
1842 1437 1893 1467 ex
1922 1435 1997 1478 qua

174 1479 302 1519 tamen
317 1479 466 1533 dieitur
477 1481 641 1532 periisse
648 1479 795 1530 fraude
818 1481 1047 1523 Cassandri.

1165 1597 1239 1613 m

170 1680 322 1729 tacitis,
350 1679 464 1731 quod
482 1680 754 1721 desideratur
773 1680 815 1720 in
834 1679 929 1721 cod.
949 1679 1179 1729 Perizonii,
1196 1678 1264 1729 qui
1286 1678 1397 1729 conj,
1416 1679 1685 1719 tacitum—48
1715 1677 1825 1717 Haec
1845 1677 2003 1730 omnia,

171 1733 413 1775 existimavit
517 1735 694 1785 vidisset,
721 1734 880 1774 omittit
900 1734 1163 1784 Comes—49
1191 1733 1427 1783 Interposito
1458 1734 1611 1772 demum
1641 1736 1811 1782 tempore
1846 1730 2001 1772 Heius.

173 1790 215 1828 2.
268 1788 463 1834 Quattuor
482 1788 570 1836 alii,
598 1801 695 1828 cum
716 1788 834 1840 Mog.
860 1793 906 1828 et
919 1788 1098 1827 Venett.
1122 1790 1159 1826 1.
1180 1789 1220 1825 2.
1241 1790 1281 1826 3.
1301 1789 1338 1825 4.
1359 1790 1399 1824 5.
1426 1786 1468 1825 in
1498 1790 1729 1836 conspeclu:
1758 1785 1862 1824 item
1892 1786 2002 1826 venit

175 1851 254 1892 pro
271 1840 438 1882 venisset
455 1841 498 1880 in
511 1842 614 1889 Vct.
634 1848 680 1882 et
698 1842 819 1892 Mog.
840 1853 934 1881 cum
954 1841 1047 1892 plus
1075 1852 1199 1893 quam
1237 1839 1387 1890 viginti
1419 1839 1547 1879 codd.
1604 1839 1711 1878 Mox
1731 1837 1772 1876 in
1789 1837 1889 1878 Vet.
1916 1850 2001 1878 sus·

171 1893 362 1944 visionem
379 1907 455 1935 non
473 1895 639 1942 retulit:
667 1896 785 1944 Meg.
805 1895 936 1934 etiam
957 1906 1052 1932 curn
1079 1892 1228 1932 Leidd.
1247 1896 1288 1933 2.
1307 1898 1349 1931 5.
1370 1896 1410 1932 6.
1428 1892 1581 1932 Heius.
1604 1895 1642 1931 1.
1659 1895 1701 1932 2.
1723 1890 1880 1942 Ultraj.
1903 1895 1941 1931 1.
1958 1895 2002 1931 2.

174 1947 308 1989 Barb.
327 1951 366 1989 1.
386 1951 427 1988 2.
448 1949 572 1994 Harl.
591 1956 636 1990 et
656 1949 812 2001 Copes.
831 1949 966 1989 retulit
980 1961 993 1988 .-
1025 1947 1147 1987 Leid.
1164 1950 1205 1987 7.
1221 1947 1382 1999 repulit,
1399 1952 1444 1986 et
1466 1959 1542 1998 pro
1559 1958 1600 1985 v.
1620 1946 1647 1986 l.
1665 1945 1825 1986 retulit:
1857 1944 2000 1988 Bitur.

994 2062 1172 2104 NOTAE

227 2155 250 2186 δ
278 2155 510 2208 Cassandri]
540 2155 804 2196 Macedoniae
821 2153 1057 2195 Alexandri

175 2219 343 2259 nomine
365 2214 551 2271 praeerat
579 2217 829 2270 Antipater,
859 2219 922 2258 vir
950 2217 1055 2257 mili-

177 2284 249 2324 tiae
268 2283 468 2336 domique
489 2284 702 2335 inclytus:
734 2290 830 2323 orto
860 2294 962 2322 vero
992 2282 1055 2320 in-

177 2351 246 2386 ter
274 2346 414 2398 ipsum
446 2352 493 2386 et
524 2344 826 2397 Olympiadem
860 2344 1053 2394 dissidio,

174 2408 294 2447 illum
315 2407 370 2448 ad
399 2419 445 2448 se
475 2409 644 2448 vocavit
675 2408 716 2447 in
747 2406 892 2446 Asiam
923 2405 1052 2446 Alex-

175 2471 333 2511 ander:
361 2483 490 2524 quare
510 2471 618 2523 Regi
639 2483 845 2509 venenum
864 2482 940 2521 per
954 2470 1053 2508 Cas-

174 2533 376 2573 sandrum
396 2533 526 2572 filium
549 2545 721 2584 parasse
741 2545 765 2572 a
786 2531 929 2571 multis
950 2532 1052 2571 dici-

178 2602 276 2638 tur:
322 2596 378 2636 de
410 2609 494 2649 quo
533 2609 631 2635 mox
666 2608 854 2648 agemus.
912 2595 972 2635 Ut
1006 2601 1054 2635 ut

178 2666 261 2706 est,
302 2658 385 2700 fuit
420 2671 536 2707 sane,
571 2671 649 2699 cur
690 2658 936 2698 Alexander
971 2657 1052 2696 sibi

176 2723 346 2777 suisque
364 2727 577 2762 metueret
596 2734 620 2761 a
638 2720 895 2770 Cassandro,
910 2720 980 2772 qui
1000 2720 1053 2759 ad

176 2787 307 2839 regiae
325 2784 497 2826 familiae
519 2785 752 2837 perniciem
780 2791 923 2833 natus,
943 2783 1053 2821 illius

177 2854 357 2889 matrem
391 2847 605 2900 lapidibus
651 2847 810 2897 obruit,
857 2846 1055 2900 filiosque

177 2911 412 2952 Herculem
451 2922 505 2950 ex
542 2911 743 2960 Barsine,
786 2915 832 2951 et
867 2910 1056 2951 Alexan·

178 2973 300 3014 drnm
319 2985 374 3013 ex
395 2975 572 3014 Roxane
591 2986 756 3013 veneno
775 2973 960 3013 sustulit.

232 3036 245 3064 ¹
262 3037 348 3085 Quo
361 3037 563 3088 occidisse]
582 3037 788 3076 Studiosis
804 3038 955 3089 opinor
973 3049 1057 3077 uon

178 3100 264 3144 erit
281 3096 509 3152 ingratum,
527 3101 560 3139 si
580 3099 660 3139 hoc
680 3100 722 3139 in
739 3101 833 3140 loco
851 3100 905 3140 de
920 3107 1058 3141 morte

179 3161 375 3203 Alexand
384 3163 418 3202 ri
437 3163 564 3215 paulo
584 3163 752 3203 uberius
769 3162 1057 3203 disseruerim.

179 3225 352 3282 Duplex
371 3227 497 3278 vulgo
513 3238 563 3266 ea
583 3226 636 3265 de
656 3238 701 3266 re
723 3226 835 3276 apud
857 3233 1057 3267 auctores

180 3287 323 3340 opinio
355 3289 540 3341 legitur:
587 3288 660 3328 alii
713 3289 822 3328 enim
874 3300 1056 3339 veneno,

179 3349 293 3402 quod
312 3362 337 3391 e
355 3351 615 3392 Macedonia
635 3352 876 3392 Cassander
903 3353 1057 3391 attule-

182 3416 275 3462 ταῖς
302 3413 373 3452 alii
409 3414 570 3464 morbo,
597 3426 722 3466 quem
756 3426 809 3454 ex
844 3414 1056 3455 ebrietate

181 3480 473 3526 contraxerat,
516 3477 694 3529 periisse
732 3477 893 3518 volunt.
959 3477 1057 3517 Pri-

1124 2166 1233 2194 mam
1272 2153 1529 2194 sententiam
1582 2157 1755 2193 tuentur
1802 2151 2002 2192 Valerius

1122 2217 1353 2267 Maximum,
1381 2216 1571 2267 Curtius,
1596 2215 1808 2262 Justinus,
1840 2215 2000 2255 Paulus

1122 2281 1330 2321 Orosius:
1361 2282 1540 2320 alteram
1578 2280 1854 2320 Aristobulus
1885 2279 2001 2332 apud

1121 2343 1622 2392 Plutarchum,Diarinrn
1638 2342 1874 2383 Alexandri
1888 2342 2002 2393 apud

1120 2405 1367 2456 Arrianum,
1395 2407 1620 2458 Ephippus
1653 2407 1768 2460 apud
1801 2405 2004 2446 Athenae-

1121 2483 1206 2521 um,
1246 2473 1406 2521 Livius,
1455 2473 1733 2521 Plutarchus,
1778 2471 2003 2523 Arrianus,

1118 2534 1304 2584 Solinus,
1332 2533 1584 2582 Athenaeus,
1613 2542 1658 2574 et
1689 2535 1762 2574 alii
1795 2535 2005 2587 plerique.

1121 2592 1166 2638 Si
1188 2598 1333 2640 harum
1354 2599 1662 2638 sententiarum
1685 2611 1766 2638 una
1783 2599 2006 2650 repudian-

1122 2661 1190 2711 da,
1206 2661 1435 2701 retinenda
1456 2662 1617 2702 altera:
1648 2660 1846 2700 secundae
1867 2673 1918 2701 eo
1939 2673 2005 2700 as·

1122 2725 1326 2764 senserim
1372 2724 1590 2771 libentius,
1642 2724 1758 2777 quod
1805 2729 2003 2765 auctores

1122 2794 1166 2826 et
1185 2788 1402 2838 graviores
1433 2794 1480 2827 et
1509 2788 1670 2839 plures,
1700 2794 1743 2827 et
1767 2786 2004 2827 Alexandri

1123 2850 1244 2890 aetati
1279 2863 1486 2902 suppares
1522 2851 1706 2891 habeat:
1755 2862 1851 2902 quae
1889 2861 2004 2889 com-

1123 2912 1247 2952 mode
1261 2913 1320 2953 sic
1333 2913 1538 2965 explicari
1558 2920 1716 2966 potest.
1749 2912 2004 2953 clearchum

1123 2975 1347 3026 splendido
1379 2977 1577 3016 convivio
1612 2989 1709 3015 cnm
1756 2975 2005 3026 excepisset

1127 3039 1389 3091 Alexander,
1415 3045 1543 3093 atque
1561 3041 1659 3080 inde
1682 3043 1792 3080 lotus
1812 3039 1866 3079 de
1888 3051 2003 3079 more

1126 3115 1201 3142 suo
1238 3104 1427 3143 cubitum
1467 3104 1567 3155 iret,
1603 3104 1716 3155 apud
1753 3102 2002 3142 Thessalum

1126 3166 1320 3205 Medium
1342 3167 1466 3205 enixe
1487 3173 1709 3217 rogantem
1732 3165 1810 3205 ivit
1841 3177 2003 3205 comes-

1124 3234 1287 3268 satum:
1319 3227 1432 3279 apud
1467 3241 1590 3280 quem
1620 3241 1696 3279 per
1716 3227 2003 3278 intemperan-

1124 3290 1227 3329 tiam
1260 3291 1394 3330 multa
1425 3291 1635 3341 peccavit.
1703 3289 1859 3337 (Vnum,
1890 3289 2001 3341 quod

1125 3353 1178 3392 ad
1216 3354 1329 3393 diem
1364 3360 1614 3404 sequentem
1654 3351 1911 3403 perpotarit,
1947 3363 2002 3391 ex

1125 3415 1374 3465 Plutarcho,
1403 3413 1604 3460 Arriano,
1646 3419 1690 3452 et
1742 3413 1917 3464 Solin03
1956 3420 2002 3453 et

1125 3479 1324 3528 alterum,
1368 3476 1479 3529 quod
1517 3475 1667 3528 viginti
1700 3477 1909 3526 convivis,
1956 3482 2002 3517 et
