2294 3990
822 294 1358 339 MAGISTRATIRUS.

1938 279 2010 335 83

715 482 1134 537 TRIBUNUS
1176 478 1478 536 PLEBIS.

234 616 268 648 ι.
294 607 519 647 ΤηιΒυΝιε
551 604 701 645 Plebis
733 602 932 643 creandis
963 614 1062 642 cau·

179 682 270 711 sam
290 670 414 711 dedit
433 669 619 725 secessio
638 667 789 708 Plebis
811 679 836 706 a
854 666 1063 706 Patribus

182 746 296 774 anno
342 741 447 786 post
491 732 655 774 Urbem
702 730 922 771 conditam
968 734 1064 771 259.

189 796 328 836 Plebs
347 797 462 837 enim
489 808 603 836 nexu
635 799 813 846 gravata
841 800 886 833 et
917 793 1067 833 delusa

179 860 336 912 saepius
372 860 416 900 in
451 864 660 910 montem,
690 857 762 911 qui
797 858 897 898 inde
937 858 1071 898 Sacer

185 925 328 966 dictus
347 930 430 977 est,
457 930 577 966 trans
605 922 819 964 Anienem
852 921 1069 963 discessit.

181 989 343 1030 Missus
363 989 419 1030 ad
447 1001 541 1030 eam
567 987 822 1040 placandam
842 986 1073 1027 Menenius

181 1052 392 1107 Agrippa,
406 1053 471 1094 vir
481 1053 641 1106 populo
654 1064 705 1092 ac
722 1051 930 1108 Patr-ibus
941 1051 1074 1104 juxta

183 1130 334 1159 carus:
365 1118 486 1171 cujus
515 1117 710 1158 oratione
742 1115 920 1156 delinita
947 1116 1070 1168 plebs

182 1180 228 1221 in
256 1181 408 1222 urbem
435 1181 584 1232 rediit,
612 1193 665 1220 ea
701 1186 844 1220 tamen
875 1180 991 1232 lege,
1022 1186 1070 1220 ut

182 1245 384 1286 Plebeios
429 1245 614 1286 haberet
650 1245 961 1297 Magistratus;
1000 1245 1072 1297 qui

184 1309 284 1351 ideo
302 1309 484 1351 Tribuni
516 1309 628 1350 dicti
648 1316 764 1360 suut,
786 1309 897 1361 quod
932 1320 955 1347 e
982 1308 1074 1347 Tri·

183 1373 311 1414 bunis
331 1373 512 1414 militum
534 1373 639 1414 lecti
655 1378 812 1424 essent,
831 1378 945 1413 teste
963 1372 1073 1412 Var-

186 1449 322 1487 rone;
349 1437 419 1477 vel
453 1437 568 1489 quod
592 1438 772 1489 populus
803 1441 888 1476 tres
910 1436 952 1475 in
975 1447 1072 1488 par-

183 1508 251 1545 tes
270 1508 360 1543 tum
389 1503 553 1543 divisus
587 1508 718 1554 esset,
743 1507 794 1542 ut
822 1507 973 1542 auctor
1007 1507 1074 1541 est

185 1566 476 1619 PomponIus3
493 1568 562 1607 vel
577 1567 720 1619 potius
741 1579 767 1606 a
787 1565 974 1606 tribuum
987 1564 1074 1605 suf-

186 1629 403 1682 fragio,ut
421 1631 570 1671 volunt
606 1631 696 1671 alii.
726 1642 779 1670 11.
816 1630 937 1670 Duos
971 1642 1074 1683 ergo

187 1693 398 1734 Tribunos
417 1705 527 1734 anno
561 1693 691 1734 Urbis
723 1696 818 1734 260.
851 1693 975 1746 plebs
1000 1693 1075 1734 ha-

188 1756 294 1798 bere
314 1757 463 1810 coepit,
490 1764 540 1798 ut
573 1758 712 1798 verior
745 1763 811 1798 est
844 1757 1076 1808 sententia,

191 1821 318 1861 aliter
337 1821 447 1861 enim
462 1822 606 1879 placet
621 1821 859 1874 Dionysio:
894 1826 984 1861 tres
1003 1822 1077 1861 ali-

191 1891 351 1938 quanto
373 1893 471 1938 post
505 1898 615 1925 anno
633 1889 726 1927 284.
753 1888 854 1938 lege
889 1885 1079 1927 Publilia

190 1949 356 1999 additi3
403 1955 449 1990 et
478 1955 694 2002 praeterea
730 1949 917 2003 quinque
965 1963 1077 1991 anno

191 2015 287 2053 296.
305 2012 449 2065 modo,
465 2025 521 2053 ne
540 2014 633 2066 quis
654 2012 909 2054 reficeretur
929 2026 1077 2054 eorum

192 2077 266 2130 qui
288 2089 399 2118 anno
416 2077 613 2130 proximo
638 2078 822 2117 eundem
849 2077 1080 2129 Magistra·

192 2147 284 2181 tum
319 2141 563 2192 gessissent.
630 2142 797 2181 Decem
825 2140 868 2179 bi
901 2141 1079 2181 Tribuni

193 2204 330 2256 pestis
360 2203 629 2256 Reipublicae
649 2203 785 2256 fuere,
812 2209 857 2244 et
876 2204 975 2244 inde
992 2216 1077 2244 ma-

192 2269 314 2309 navit
339 2281 466 2309 omne
495 2269 621 2309 civile
641 2267 779 2309 nefas.
822 2281 893 2310 111.
923 2269 1077 2309 Omnis

194 2330 288 2372 fere
310 2332 547 2372 auctoritas
571 2345 596 2372 a
613 2333 734 2384 Sylla
752 2332 986 2372 Dictatore
1004 2346 1078 2372 an-

193 2407 250 2434 no
269 2398 364 2435 672.
395 2394 599 2435 Tribunis
627 2396 822 2447 ademta;
852 2397 925 2436 sed
952 2399 1079 2449 paulo

192 2462 297 2509 post
333 2458 491 2510 partim
527 2471 552 2498 a
589 2460 655 2500 M.
690 2461 821 2501 Cotta
853 2473 964 2501 anno
983 2465 1078 2502 679.

194 2521 359 2574 partim
391 2535 416 2563 a
444 2522 525 2564 Cn.
544 2523 754 2576 Pompeio
775 2537 886 2565 anno
900 2528 996 2565 683.
1017 2525 1078 2564 eis

195 2585 422 2626 restituta:
452 2586 592 2627 donec
612 2599 722 2627 anno
740 2591 835 2628 ⁷30.
865 2599 1080 2628 consensu

193 2647 376 2689 Patrum
407 2649 452 2688 in
485 2648 723 2701 Augustum
753 2651 986 2702 Caesarem,
1008 2651 1078 2690 de-

194 2710 298 2752 inde
331 2712 376 2752 in
411 2713 518 2753 alios
547 2714 842 2766 Imperatores
872 2715 1082 2755 translata

195 2780 278 2817 est.
333 2777 502 2818 Nomen
532 2783 677 2819 tamen
709 2784 756 2820 et
790 2779 943 2819 umbra
970 2778 1084 2818 illius

193 2839 476 2893 Magistratus
487 2854 621 2895 penes
629 2843 800 2896 plebem
811 2843 1014 2885 mansisse
1025 2843 1085 2883 di-

1130 603 1242 643 citur
1256 602 1310 642 ad
1324 599 1600 643 Constantini
1614 599 1766 653 Magni
1779 599 2020 652 imperium.

1132 678 1199 706 ιν.
1242 665 1355 706 Haec
1394 667 1521 718 plane
1555 665 1788 718 singularia
1821 664 2020 704 Tribunis

1134 741 1343 771 concessa
1379 735 1505 770 sunt:
1542 742 1633 781 eoS,
1661 741 1759 770 cum
1796 728 2022 780 religione,

1137 800 1228 835 tum
1260 795 1357 847 lege
1387 800 1686 836 sacrosanctos
1719 806 1845 844 esse;
1874 798 1923 834 ut
1950 793 2025 846 qui

1140 859 1202 899 eis
1221 859 1454 911 nocuisset,
1471 860 1510 911 ej
1519 873 1566 899 us
1585 864 1718 912 caput
1731 858 1832 901 Jovi
1852 870 2023 899 sacrum

1141 928 1257 963 essct
1278 937 1289 962 t
1322 922 1376 963 ab
1394 923 1503 963 urbe
1525 923 1638 963 diem
1670 920 1905 975 integrum,
1941 921 2027 961 nisi

1142 988 1307 1029 Latinis
1339 986 1476 1038 feriis,
1497 987 1664 1039 abesse,
1693 987 1846 1036 nefas3
1876 998 2026 1027 eorum

1140 1052 1312 1092 domum
1331 1050 1523 1091 interdiu
1540 1057 1754 1105 noctuque
1766 1056 1918 1104 patere
1937 1063 2027 1091 om·

1140 1116 1282 1167 nibus,
1300 1115 1462 1169 quippe
1490 1115 1563 1167 qni
1599 1114 1784 1167 publicae
1811 1114 2026 1155 libertatis

1140 1179 1343 1221 custodes
1373 1184 1518 1219 essent
1539 1193 1552 1230 ;
1578 1179 1648 1219 vel
1677 1178 1801 1219 unius
1819 1179 2028 1219 interces-

1142 1242 1261 1284 sione
1301 1243 1481 1283 aliorum
1519 1242 1700 1283 decreta
1736 1254 1829 1282 esse
1876 1242 2030 1293 irrita3

1141 1320 1287 1347 eorum
1318 1314 1583 1361 potestatem
1617 1311 1742 1347 extra
1769 1306 1918 1347 urbem
1938 1305 2032 1346 nul·

1141 1372 1240 1423 lam,
1283 1372 1325 1411 in
1364 1371 1472 1411 urbe
1506 1371 1761 1411 maximam:
1799 1370 2030 1422 repudiare

1140 1435 1325 1475 Senatus
1361 1435 1555 1487 decreta,
1587 1448 1684 1488 quae
1719 1434 1848 1475 Plebi
1885 1433 2032 1474 fraudi

1141 1511 1234 1539 esse
1255 1506 1445 1551 possent,
1464 1505 1509 1540 et
1524 1501 1638 1540 solos
1657 1512 1681 1539 e
1698 1498 2032 1551 Magistratibus

1142 1576 1227 1602 non
1246 1575 1397 1615 parere
1421 1564 1613 1604 Consuli.
1667 1563 1903 1603 Tribunum
1924 1563 2032 1604 vele

1143 1628 1367 1680 Patriciis,
1397 1629 1466 1668 vel
1491 1641 1515 1668 e
1533 1627 1815 1669 Senatoribus
1834 1627 1934 1679 legi,
1957 1632 2033 1667 aut

1145 1693 1189 1732 in
1222 1693 1397 1734 Curiam
1423 1694 1587 1745 venire,
1604 1693 1678 1734 diu
1708 1692 1919 1742 vetitum;
1953 1690 2032 1732 sed

1147 1762 1304 1808 postea
1345 1763 1392 1798 et
1428 1757 1652 1810 Patricfis,
1700 1757 1736 1797 si
1774 1770 1799 1797 a
1835 1756 2032 1796 Plebeiis

1146 1821 1342 1873 adoptati
1370 1827 1533 1873 essent,
1565 1821 1845 1873 Tribunatus,
1876 1826 1924 1860 et
1941 1819 2033 1859 Tri-

1145 1884 1273 1925 bunis
1302 1884 1452 1926 Atinia
1488 1887 1585 1938 lege
1619 1885 1750 1927 Curia
1798 1885 1957 1937 patuit.
1987 1896 2032 1926 v.

1145 1949 1255 1990 Haec
1272 1949 1533 1990 Tribunatus
1571 1955 1618 1990 ct
1647 1950 1751 2002 jura
1779 1948 1959 1989 fuerunt
1988 1953 2035 1988 et

1146 2025 1305 2063 onera;
1349 2013 1427 2054 sed
1473 2014 1603 2066 longe
1644 2015 1768 2065 plura
1813 2012 2038 2066 deinceps,

1140 2077 1241 2128 jure
1272 2088 1325 2116 an
1343 2077 1518 2129 injuria,
1533 2090 1558 2116 a
1576 2076 1777 2117 Tribunis
1798 2081 2032 2128 usurpata:

1146 2141 1329 2180 Senatus
1350 2141 1510 2192 edicta,
1544 2141 1679 2193 leges,
1711 2142 1924 2192 consulta,
1937 2144 2037 2181 acta

1147 2205 1483 2256 Magistratuum
1520 2205 1572 2245 ab
1604 2205 1656 2245 iis
1688 2217 1805 2257 saepe
1834 2204 2038 2257 rescissa,

1147 2270 1432 2321 promulgatae
1453 2282 1576 2310 novae
1594 2271 1728 2322 leges,
1746 2269 1925 2311 comitia
1942 2274 2037 2311 tum

1148 2334 1297 2373 Plebis
1332 2340 1422 2373 tum
1458 2334 1643 2374 Senatus
1675 2346 1753 2383 pro
1788 2333 1970 2373 arbitrio
1990 2339 2039 2373 et

1147 2403 1302 2438 coacta
1333 2404 1379 2438 et
1414 2398 1588 2449 soluta3
1617 2399 1877 2439 tributorum
1908 2398 2039 2438 colla-

1149 2463 1305 2514 tiones,
1323 2463 1593 2518 militumque
1627 2465 1819 2505 ‹lelectus
1849 2464 2038 2517 probibi-

1150 2526 1200 2577 ti,
1228 2527 1350 2568 ducti
1364 2529 1495 2568 etiam
1515 2529 1732 2569 interdum
1754 2529 2038 2581 eorumjussu

1148 2590 1192 2629 in
1211 2604 1430 2632 carcerem
1451 2594 1660 2634 Consules
1680 2608 1691 2645 ;
1722 2594 1813 2645 agri
1829 2594 2038 2646 denique,

1150 2657 1394 2710 vectigalia,
1411 2661 1607 2711 pecuniae
1642 2659 1845 2712 publicae,
1872 2660 2038 2712 Magis-

1150 2725 1308 2772 tratus,
1336 2723 1579 2764 Provinciae
1607 2724 1775 2765 civibus
1795 2737 1872 2764 seu
1891 2724 2039 2777 probis

1150 2782 1239 2822 sive
1259 2784 1466 2837 improbis
1496 2799 1576 2839 pro
1593 2788 1771 2831 libidine
1791 2794 1836 2830 et
1857 2789 1970 2830 datae
1992 2793 2039 2829 et

1153 2854 1350 2901 ereptae„

905 2973 1097 3041 QUAE
1107 2973 1331 3032 STOR.

250 3093 283 3122 1.
296 3083 417 3124 TmA
436 3085 713 3128 Qnaestorum
730 3088 844 3140 apud
866 3087 1084 3127 Romanos

199 3156 359 3196 genera
378 3147 583 3190 fuerunt:
614 3151 686 3190 alii
706 3152 816 3191 enim
846 3151 1084 3203 Capitales,

198 3209 270 3248 alii
301 3209 482 3267 Urbani,
510 3225 587 3254 seu
606 3214 776 3267 AErarii,
805 3215 878 3255 alii
905 3215 1085 3255 Provin-

198 3270 345 3314 ciales.
401 3274 560 3316 Omnia
602 3276 873 3329 capitalibus
907 3284 954 3319 et
987 3279 1084 3319 aliis

203 3340 328 3375 erant
349 3344 509 3389 praeter
539 3352 694 3381 nomen
726 3342 854 3394 plane
880 3342 1050 3384 diversa
1071 3357 1083 3394 ;

201 3397 374 3440 AErariis
388 3408 434 3442 et
447 3403 790 3447 Provincialibus
801 3407 958 3460 omnia,
973 3421 1085 3461 prae-

209 3465 277 3500 ter
296 3462 495 3516 insignia,
514 3468 639 3519 plane
658 3469 822 3511 eadem.
870 3482 923 3510 11.
955 3471 1084 3523 Capi-

205 3525 312 3565 tales
331 3528 399 3566 vel
426 3540 452 3567 a
471 3530 666 3583 Romulo,
694 3534 760 3573 vel
781 3546 806 3574 a
825 3535 986 3586 Numa,
1016 3536 1084 3575 vel

205 3594 327 3629 certe
354 3602 378 3630 a
397 3591 540 3646 Tullo,
561 3607 585 3635 a
603 3608 687 3649 quo
707 3597 820 3639 enim
856 3599 1084 3641 obscurum

1152 3095 1238 3139 est,
1279 3090 1472 3134 instituti
1507 3099 1621 3135 suut.
1676 3083 1834 3134 'Eorum
1873 3090 1955 3133 fuit
1992 3093 2037 3132 in

1151 3153 1377 3206 maleficia,
1405 3158 1651 3210 parricidia,
1684 3157 2038 3210 perduellionem,

1153 3222 1198 3257 et
1216 3218 1299 3258 alia
1312 3219 1493 3261 crimina
1510 3221 1744 3273 inquirere,
1763 3220 1901 3260 donec
1922 3232 2034 3261 anno

1152 3285 1248 3323 465.
1276 3282 1319 3322 id
1345 3284 1532 3325 muneris
1551 3284 1807 3324 Triumviris
1828 3284 2038 3336 Capitali-

1154 3339 1231 3387 bus
1248 3347 1577 3398 demandatum3
1599 3354 1644 3388 et
1657 3349 1915 3400 quaestiones
1933 3350 2041 3401 pub-

1151 3410 1248 3450 licae
1271 3424 1382 3451 anno
1400 3415 1493 3452 609.
1514 3414 1577 3451 uti
1599 3411 1799 3464 diximus,
1833 3413 2039 3454 constitu-

1154 3478 1208 3513 tae
1229 3481 1341 3514 sunt.
1397 3475 1508 3513 Sunt
1528 3475 1656 3514 etiam
1676 3474 1749 3529 qui
1765 3487 1839 3515 eos
1857 3476 1935 3516 sub
1957 3477 2042 3516 Re-

1153 3538 1278 3588 gibus
1298 3537 1492 3589 pecuniae
1513 3538 1700 3590 publicae
1722 3544 1766 3579 et
1787 3539 2041 3591 colligendae

1153 3606 1198 3640 et
1237 3600 1459 3641 servandae
1508 3600 1731 3653 praefuisse
1779 3603 1926 3644 velint.
1972 3614 2042 3642 111.
