2294 3990
406 280 480 333 92

399 414 494 462 nis:
524 415 721 467 alterum,
750 414 861 454 utin
880 413 1086 455 classibus
1106 414 1282 466 singulis

403 479 695 520 centuriarum
708 491 808 531 pars
828 490 911 518 una
924 479 1134 518 seniorum
1151 484 1281 525 esset,

400 543 609 596 juvenum
629 544 758 582 altera
778 556 789 592 ;
824 548 872 582 ut
889 542 949 581 illi
973 542 1089 581 urbis
1110 543 1280 594 moenia,

404 606 450 646 hi
478 618 580 645 vero
605 604 711 645 fines
730 604 899 655 imperii
916 604 1019 643 foris
1040 610 1279 645 tuerentur.

405 669 532 709 Unde
551 668 683 709 cuivis
711 668 950 719 intelligere
986 668 1092 708 licet
1119 681 1278 721 servos,

403 733 642 783 libertinos,
685 744 852 784 pueroS,
901 733 1092 773 seniores
1135 735 1278 786 capite

401 807 570 849 censos,
600 795 844 835 Histriones
873 807 1034 847 omneS,
1060 796 1096 836 si
1115 794 1278 836 Atella·

401 870 480 898 nos
509 857 747 908 exceperis,
770 858 814 897 in
832 858 1070 909 legionibus
1089 859 1276 911 scriptos

398 934 482 962 non
499 933 619 971 esse;
640 921 719 963 sed
738 933 811 962 eos
832 927 1015 974 tantum,
1042 924 1131 976 qui,
1151 928 1196 963 et
1215 924 1277 963 in-

401 985 528 1039 genui
548 990 706 1037 essent,
743 991 788 1025 et
809 986 1030 1037 juniores:
1060 989 1277 1040 Ingenuus

398 1048 499 1100 fuit,
517 1049 589 1101 qui
618 1049 661 1088 in
688 1049 894 1089 classibus
923 1056 1083 1102 praeter
1111 1059 1276 1094 sextam

397 1113 613 1165 ascriptus
662 1119 786 1164 erat3
827 1114 1022 1166 Juvenis,
1070 1117 1142 1169 qui
1193 1130 1275 1158 nec

399 1180 466 1218 17.
487 1176 606 1216 annis
626 1176 779 1228 minor,
807 1190 887 1217 nec
915 1182 982 1219 46.
1019 1179 1180 1231 major:
1212 1180 1278 1220 his

396 1240 510 1280 enim
530 1239 725 1283 terminis
742 1240 948 1292 juventus
969 1253 994 1281 a
1011 1241 1154 1282 Tullio
1173 1255 1276 1295 rege

397 1304 605 1345 definita:
634 1304 696 1345 ita
734 1310 894 1357 tamen,
926 1312 992 1358 ut,
1029 1307 1102 1360 qui
1130 1307 1278 1348 debita

397 1368 633 1422 stipendia,
663 1381 797 1421 eques
817 1369 942 1422 dena,
971 1371 1106 1422 pedes
1127 1373 1277 1413 vicena

396 1445 483 1472 non
497 1431 756 1473 confecisset
771 1446 783 1482 ;
802 1434 838 1473 is
852 1433 905 1473 ad
923 1446 976 1473 ea
993 1435 1206 1486 explenda
1223 1437 1276 1476 ad

397 1509 554 1537 annum
589 1509 727 1550 usque
756 1497 1152 1550 quinquagesimum
1178 1500 1276 1553 cogi

397 1565 573 1613 posset:
602 1566 755 1613 postea
766 1573 850 1601 non
871 1562 988 1602 item.

450 1624 502 1664 In
522 1623 606 1664 illis
625 1630 771 1664 tamen
801 1625 968 1677 legibus
986 1627 1183 1668 nonnihil
1202 1628 1278 1668 ali-

397 1692 557 1740 quanto
592 1692 694 1740 post
736 1688 1003 1729 immutatum
1049 1696 1148 1732 est:
1179 1705 1276 1733 cum

395 1752 510 1793 enim
539 1753 690 1805 ingens
719 1752 856 1805 plebis
882 1755 1111 1795 multitudo
1129 1769 1276 1796 mune-

397 1828 493 1857 rum
524 1819 710 1857 omnium
739 1829 893 1869 expers
913 1824 1043 1871 esset,
1065 1831 1173 1860 anno
1193 1821 1275 1860 cir-

397 1880 508 1921 citer
528 1881 583 1921 ab
603 1881 723 1922 Urbe
742 1882 916 1922 condita
934 1887 1027 1925 500.
1059 1897 1083 1924 e
1105 1897 1151 1924 re
1173 1885 1276 1937 pub-

396 1945 480 1985 lica
499 1943 591 1985 fore
610 1944 747 1986 visum
779 1952 859 1999 est,
888 1947 923 1987 si
957 1953 1080 1987 sexta
1111 1949 1277 2001 classis,

397 2021 495 2062 quae
526 2009 769 2049 tenuiorum
807 2016 916 2059 erat,
945 2015 1033 2050 tres
1065 2011 1107 2050 in
1133 2017 1277 2064 partes

396 2072 679 2113 divideretur.
720 2073 867 2113 Prima
881 2073 995 2114 intra
1008 2077 1127 2115 1200.
1143 2088 1277 2128 usque

398 2137 454 2177 ad
483 2141 579 2179 400.
606 2137 903 2178 drachmarum
926 2150 1101 2178 censum
1117 2139 1278 2180 consti-

398 2207 523 2243 tuta:
551 2202 687 2242 altera
712 2202 826 2241 intra
854 2204 949 2241 400.
984 2203 1036 2242 ad
1071 2206 1161 2243 150.
1197 2203 1277 2242 hoc

395 2266 536 2306 minor
554 2278 708 2306 census
728 2267 933 2318 reliquam
957 2266 1278 2306 multitudinem

396 2329 574 2369 habuit:
619 2329 691 2381 qui
723 2329 768 2367 in
805 2329 995 2368 secunda
1023 2334 1150 2380 parte
1178 2341 1277 2368 cen-

399 2393 619 2445 sebantur,
638 2394 764 2445 vulgo
784 2393 1014 2432 Proletarii
1028 2393 1135 2433 dicti
1155 2398 1279 2443 sunt;

399 2457 473 2510 qui
502 2457 544 2496 in
566 2457 696 2496 tertia
717 2456 871 2507 Capite
900 2457 1045 2496 censi:
1074 2469 1172 2508 pars
1193 2457 1278 2508 pri-

396 2535 483 2573 ma,
502 2521 655 2562 itidem
677 2525 724 2560 ut
737 2520 830 2559 aliae
846 2520 1020 2570 classes,
1035 2519 1078 2558 iu
1097 2519 1278 2572 legioni-

396 2586 479 2628 bus
495 2585 701 2637 deinceps
718 2584 874 2624 allecta
889 2582 995 2632 fuit;
1027 2583 1213 2622 secunda
1233 2587 1279 2623 et

397 2648 530 2690 tertia
548 2660 631 2689 non
650 2649 769 2688 item.
826 2649 973 2690 Quare
995 2646 1278 2697 Proletarios‚

399 2715 554 2767 Capite
569 2726 733 2763 censos,
748 2712 990 2752 Libertinos
1003 2714 1102 2751 ante
1123 2723 1279 2751 annum

399 2783 494 2820 646.
518 2777 572 2818 ad
592 2777 811 2818 nauticum
840 2788 977 2827 usum,
1008 2789 1103 2828 quae
1124 2776 1279 2816 militia

398 2844 524 2884 vilior
558 2847 667 2893 erat,
707 2840 868 2881 servari
905 2852 995 2880 mos
1025 2838 1134 2880 fuit:
1165 2840 1279 2880 bella

399 2920 518 2960 vero,
556 2912 630 2947 aut
664 2904 785 2956 foris,
812 2909 887 2944 aut
915 2917 1012 2944 cum
1040 2903 1279 2954 legionibus

398 2982 555 3023 gerere
573 2967 720 3009 nefas:
750 2969 784 3007 si
821 2967 923 3020 quid
960 2972 1103 3006 tamen
1126 2978 1278 3018 repen-

400 3035 482 3075 tini
515 3034 720 3074 tumultus
739 3032 924 3071 oriretur
943 3044 955 3079 ;
983 3035 1073 3070 tum
1092 3029 1142 3069 iis
1162 3041 1282 3069 arma

401 3098 517 3146 data,
551 3096 707 3151 quibus
740 3095 855 3135 urbis
888 3094 1043 3134 moenia
1070 3106 1154 3132 una
1183 3106 1279 3133 cum

401 3164 618 3204 seniorum
638 3159 845 3202 centuriis
864 3163 1113 3208 tuerentur3
1142 3157 1280 3197 donec

403 3240 512 3268 anno
550 3229 645 3266 646.
683 3231 728 3266 et
764 3222 1013 3272 Proletarii,
1047 3226 1094 3261 et
1126 3221 1281 3272 Capite

398 3291 518 3331 censi
539 3303 565 3329 a
594 3289 645 3330 C.
675 3287 818 3328 Mario
851 3286 903 3327 ad
935 3285 1097 3326 bellum
1123 3284 1281 3334 Jugur-

404 3354 597 3404 tbinum3
630 3351 788 3393 deinde
819 3348 1030 3390 Libertini
1049 3359 1158 3387 anno
1185 3349 1282 3387 663.

404 3424 453 3459 et
487 3421 581 3459 664.
630 3422 720 3457 tum
759 3428 785 3456 a
819 3413 1086 3455 Praetoribus
1126 3417 1217 3452 tum
1258 3423 1284 3450 a

398 3482 657 3524 Consulibus
687 3481 739 3523 ad
769 3479 1002 3522 Marsicum
1035 3476 1122 3530 legi
1150 3475 1283 3530 coepti

401 3554 517 3592 sunt.

1047 297 1127 336 DE
1170 294 1570 335 ROMANORUM

1400 415 1606 456 Delectus
1633 415 1821 457 habendi
1859 417 1954 458 baee
1983 418 2093 460 ratio
2122 418 2219 463 fuit.

1345 480 1595 532 Designatis
1614 480 1892 533 Consulibus,
1922 482 1957 521 si
1980 482 2223 525 bellurn‘fo-

1343 544 1402 583 ris
1422 543 1657 596 gerendum
1677 548 1809 594 esset,
1827 544 1870 583 in
1889 551 2072 597 quatuor
2091 546 2224 598 legio·

1342 618 1434 658 nes,
1471 618 1568 659 quae
1605 612 1695 646 tum
1740 607 1868 647 scribi
1907 607 2116 658 solebant,
2152 611 2220 649 24.

1341 670 1519 710 Tribuni
1556 669 1755 721 militum,
1795 670 1950 721 partim
1988 683 2013 710 a
2049 673 2222 724 populo,

1342 734 1498 786 partim
1526 747 1549 773 a
1581 734 1837 774 Consulibus
1856 734 2137 787 legebantur3
2165 748 2221 776 ex

1339 797 1556 849 equitibus
1595 797 1937 849 quatuordecim,
1983 798 2132 838 decem
2165 810 2221 838 ex

1339 860 1586 912 peditibus;
1621 861 1701 910 illi,
1731 861 1843 913 quod
1875 866 1975 912 post
2002 861 2130 913 quina
2149 861 2223 902 sti-

1339 925 1499 976 pendia
1529 924 1705 965 Tribuni
1733 930 1999 975 crearentur,
2019 923 2222 966 Juniores

1340 989 1466 1040 vulgo
1486 988 1590 1028 dicti
1609 993 1731 1038 sunt;
1759 989 1799 1028 hi
1832 999 1953 1039 vero,
1983 988 2094 1041 quod
2121 993 2222 1041 post

1339 1051 1465 1103 dena,
1483 1052 1684 1092 Seniores
1702 1065 1713 1091 ι
1743 1065 1843 1092 usus
1871 1051 1983 1092 enim
2002 1057 2092 1092 tum
2112 1052 2222 1093 obti-

1339 1121 1507 1167 nuerat,
1537 1116 1646 1155 utin
1666 1115 1904 1155 Tribunum
1930 1121 2223 1156 assumeretur

1338 1192 1478 1233 nemo,
1509 1181 1583 1234 qui
1611 1181 1836 1222 dimidiata
1856 1194 1940 1222 non
1960 1180 2223 1222 confecisset

1339 1243 1573 1296 stipendia,
1587 1257 1680 1297 quae
1702 1244 1837 1296 equiti
1858 1244 1970 1284 dena
1989 1244 2220 1297 praescrip-

1339 1314 1385 1347 ta
1403 1314 1544 1358 erant,
1565 1308 1701 1360 pediti
1720 1308 1875 1348 vicena
1889 1321 1902 1347 :
1936 1308 2092 1349 deinde
2111 1309 2222 1349 Con-

1337 1371 1448 1410 sules
1469 1371 1582 1412 diem
1599 1372 1845 1423 edicebant‚
1863 1384 1946 1424 quo
1961 1384 2126 1423 ornnes,
2147 1372 2221 1425 qui

1341 1439 1470 1474 aetate
1505 1441 1630 1475 erant
1664 1434 1853 1486 militari,
1883 1436 1953 1476 vel
1980 1435 2024 1475 in
2043 1435 2221 1488 Cap-ito-

1339 1498 1442 1537 lium
1480 1498 1780 1548 convenirent,
1826 1499 1894 1538 vel
1931 1499 1976 1538 in
2009 1498 2220 1551 Campum

1339 1563 1572 1612 Martium3
1611 1574 1664 1602 ne
1693 1563 1977 1602 Tribunorum
2008 1562 2129 1614 plebi
2160 1561 2220 1602 in-

1339 1626 1589 1666 tercessioni
1606 1626 1726 1665 locus
1747 1631 1878 1665 esset.
1919 1626 2026 1665 Turn
2044 1625 2222 1665 Tribuni

1339 1703 1500 1742 omnes,
1537 1689 1626 1730 sive
1657 1689 1858 1731 Juniores
1885 1688 1976 1728 sive
2007 1689 2224 1740 Seniores,

1340 1767 1391 1795 eo
1420 1754 1587 1805 ordine,
1614 1766 1714 1806 quo,
1746 1753 1815 1793 vel
1843 1765 1868 1792 a
1895 1753 2071 1805 populo,
2096 1753 2166 1794 vel
2197 1765 2223 1794 a

1339 1818 1611 1869 Consulibus,
1650 1817 1755 1857 lecti
1777 1821 1920 1866 erant,
1956 1816 1999 1855 in
2037 1823 2221 1868 quatuor

1339 1882 1547 1934 legiones,
1582 1893 1659 1920 sex
1691 1881 1734 1919 in
1755 1881 1960 1932 singulas,
1993 1880 2221 1920 distribue·

1339 1945 1499 1985 bantur
1517 1958 1527 1984 :
1551 1944 1592 1983 in
1604 1944 1781 1996 primam
1796 1944 1996 1985 Juniores
2013 1948 2194 1996 quatuor
2209 1956 2221 1994 3

1341 2008 1427 2047 duo
1451 2009 1675 2048 Seniores:
1709 2008 1753 2047 in
1772 2006 2005 2047 secundam
2026 2013 2116 2047 tres
2143 2007 2222 2049 Ju-

1341 2073 1483 2113 niores
1499 2087 1510 2123 ;
1528 2073 1726 2112 Seniores
1746 2072 1929 2112 totidem
1946 2085 1958 2122 ;
1982 2071 2146 2112 Tertiae
2163 2071 2223 2111 le-

1342 2137 1480 2189 gionis
1500 2135 1650 2175 eadem
1671 2137 1783 2175 ratio
1803 2135 1899 2188 fnit,
1929 2147 2026 2189 quae
2047 2135 2223 2187 primae;

1343 2205 1524 2254 quartae,
1542 2212 1637 2252 quae
1654 2197 1871 2239 secundae.

1394 2264 1555 2303 Postea
1591 2263 1769 2303 Tribuni
1802 2261 1972 2313 Tribus,
2001 2261 2036 2301 si
2064 2261 2221 2302 bellum

1342 2332 1457 2367 esset
1477 2339 1624 2379 grave,
1658 2338 1829 2366 omnes:
1859 2325 1894 2364 si
1925 2325 2039 2378 leve,
2061 2326 2224 2378 aliquot

1342 2396 1512 2431 tantum
1533 2390 1576 2429 in
1592 2402 1707 2440 suas,
1726 2394 1816 2428 tum
1830 2390 2004 2440 classes,
2018 2394 2108 2428 tum
2125 2401 2225 2429 cen-

1343 2455 1477 2495 turias
1496 2454 1559 2493 ire
1567 2453 1806 2506 jubebant:
1830 2456 1874 2492 et
1893 2464 1946 2492 ex
1960 2452 2131 2503 tabulis,
2151 2451 2224 2492 ubi

1341 2520 1548 2572 cujusque
1581 2524 1700 2572 aetas,
1730 2529 1902 2568 census,
1933 2516 2061 2564 vires,
2089 2528 2224 2569 genus

1343 2584 1505 2635 sc'ripta
1523 2587 1663 2633 erant,
1683 2581 1902 2622 centurias
1918 2580 2103 2632 singulas
2123 2592 2226 2620 evo-

1343 2647 1516 2698 cabant,
1535 2659 1652 2699 saepe
1673 2658 1748 2698 pro
1769 2645 1998 2686 Consulum
2019 2643 2225 2696 arbitrio3

1339 2710 1552 2751 interdum
1590 2710 1720 2750 etiam
1759 2712 1907 2759 sorte;
1939 2721 1994 2748 ne
2026 2721 2127 2762 qua,
2148 2713 2224 2749 aut

1344 2775 1496 2826 tribus,
1513 2778 1587 2814 aut
1607 2772 1803 2813 centuria
1819 2771 1872 2810 ad
1892 2770 2089 2823 graviora
2109 2770 2224 2811 bella

1341 2838 1503 2889 injuste
1522 2832 1754 2888 legeretur.
1809 2834 1878 2874 Ex
1897 2834 2108 2885 centuria,
2131 2847 2225 2886 quae

1342 2905 1456 2940 sorte
1477 2899 1658 2948 exierat,
1694 2902 1879 2950 quatuor
1901 2897 2083 2949 primum
2101 2897 2226 2939 Juni-

1344 2976 1458 3013 ores,
1489 2961 1648 3003 deinde
1679 2964 1810 3000 aetate
1832 2960 2033 3012 majores,
2061 2965 2108 3001 et
2125 2961 2227 3001 viri·

1342 3026 1423 3067 bus
1453 3032 1499 3066 et
1539 3024 1732 3076 corporis
1761 3022 1913 3063 babitu
1941 3035 2078 3076 prope
2097 3035 2224 3075 pares

1345 3090 1470 3130 simul
1491 3087 1816 3141 producebant3
1845 3098 1975 3126 unum
1995 3086 2144 3138 primae
2164 3087 2225 3126 le-

1345 3153 1479 3206 gionis
1499 3151 1695 3201 Tribuni,
1724 3149 1879 3190 deinde
1900 3148 2117 3200 secundae,
2131 3154 2224 3189 tum

1343 3218 1504 3268 tertiae,
1535 3206 1753 3267 postremo
1790 3217 1974 3265 quartae,
2008 3217 2135 3265 atque
2163 3213 2227 3252 ita

1346 3281 1550 3330 deinceps
1571 3277 1835 3328 cooptabant
1865 3275 1908 3314 in
1931 3287 2027 3315 suas
2046 3275 2225 3328 quisque

1346 3344 1563 3397 legiones:
1594 3354 1646 3381 ea
1679 3347 1826 3380 tamen
1861 3339 2008 3379 habita
2038 3340 2223 3392 ratione,

1347 3416 1393 3449 ut
1414 3408 1484 3460 qui
1503 3406 1664 3458 primus
1682 3417 1767 3443 una
1780 3403 1873 3443 vice
1889 3403 2072 3456 legerat,
2087 3405 2224 3445 altera

1347 3472 1521 3512 ultimus
1539 3469 1746 3520 eligeret;
1776 3479 1830 3506 ne
1864 3478 1948 3520 qua
1974 3472 2092 3507 esset
2110 3467 2224 3519 legio

1349 3535 1443 3577 aliis
1479 3533 1637 3574 viribus
1677 3532 1830 3583 impar.
1887 3530 1931 3570 Si
1956 3542 2054 3582 spes
2084 3527 2225 3583 aliqua
