2352 4022
408 319 514 371 200
926 329 1178 369 VALERu
1222 326 1464 366 MAX1M1
1510 328 1628 366 Lm.
1658 328 1699 365 1.

407 454 500 507 dia
524 452 827 513 liberatum,
852 450 1005 502 velut
1029 449 1232 500 fulmen
1277 448 1527 515 aliquod,
1573 448 1689 500 otio
1733 463 1800 499 ac
1839 450 2214 518 tranquillitati

405 535 597 603 injecit
618 552 630 587 ε
650 544 674 564 ²⁶
695 535 1100 585 Himeraeorum
1115 538 1138 568 y
1161 532 1365 584 moenia
1381 530 1427 572 ⁶9
1465 532 1605 584 inter
1629 532 1856 584 effusam
1875 533 1945 585 ad
1972 533 2213 587 officium

404 624 457 671 et
483 619 553 670 ad
574 616 946 685 spectaculum
969 614 1091 682 ejus
1116 616 1337 667 turbam
1361 616 1649 668 intrantem
1675 620 1732 667 ut
1758 617 1999 685 aspexit,
2034 618 2228 670 ‘hune'¹

402 717 547 764 esse,
574 717 736 768 quern
761 699 813 749 in
840 698 1021 766 quiete
1048 698 1293 763 viderat,'
1329 700 1636 752 vociferata
1661 705 1763 753 est.
1837 700 1905 753 Id
1932 702 2212 770 cognitum

400 790 640 853 tyranno,
665 799 852 835 curam
876 783 1134 836 tollendae
1154 784 1399 837 mulieris
1422 785 1648 837 dedite*
2006 788 2008 790 ’
2123 835 2126 838 .

471 872 521 922 7.
560 869 799 920 Tutioris
825 869 1024 920 somnii
1048 874 1218 922 mater
1232 876 1279 908 70
1315 869 1568 938 ejusdem
1595 869 1888 938 Dionysii:
1927 885 2054 938 quae
2088 885 2212 923 cum

399 970 523 1006 eum
547 957 874 1020 conceptum
893 959 1046 1004 utero
1070 953 1314 1016 haberet,
1340 970 1530 1021 parere
1555 953 1679 1006 visa
1703 958 1788 1005 est
1813 952 2151 1023 Satyriscum
2169 961 2213 1006 :⁷¹

401 1038 765 1104 consultoque
813 1038 1184 1105 prodigiorum
1226 1039 1544 1107 interprete,
1590 1038 1955 1091 clarissimum
2002 1055 2068 1091 ao
2111 1055 2213 1107 po-

400 1121 764 1174 tentissimum
807 1123 965 1175 Graii
1009 1124 1293 1192 sanguinis
1334 1125 1597 1189 futurum,
1645 1129 1791 1177 certo
1838 1141 1964 1177 cum
2008 1129 2209 1176 eventu
2239 1143 2240 1146 ¹

395 1207 693 1272 cognovit.‡
1990 1214 1994 1220 '

467 1290 517 1342 8.
556 1290 633 1343 At
658 1290 1195 1361 Carthaginiensium
1212 1300 1253 1334 ⁷¹
1293 1294 1409 1346 dux
1448 1293 1784 1358 Hamilcar,a
1819 1310 1944 1346 cum
1991 1293 2212 1347 obside-

447 1458 469 1476 ἰ
497 1453 652 1492 Deinde
672 1466 760 1493 vero
775 1459 979 1506 postquam
989 1454 1173 1504 fortuna,
1201 1460 1241 1495 et
1258 1456 1417 1496 inimica
1435 1457 1612 1496 libertati
1626 1457 1974 1508 Syracusanowm,
2004 1459 2043 1496 et
2070 1454 2217 1504 infesta

394 1506 514 1545 saluti
534 1508 794 1546 innocentium
812 1508 977 1548 immisit
992 1509 1228 1561 Dionysium
1247 1511 1412 1550 solutum
1427 1511 1590 1550 vinculis
1604 1510 1833 1561 coelestibus,
1853 1514 2033 1562 tanquam
2042 1508 2213 1561 fulmen,

394 1563 439 1598 ut
459 1559 635 1598 turbaret
654 1561 775 1600 otium
793 1566 832 1600 et
851 1562 1173 1613 tranquillitatem
1188 1563 1394 1614 publicam.

449 1618 467 1636 v
496 1614 602 1652 Dum
622 1614 838 1666 Dionysius
863 1618 1035 1655 intraret
1060 1616 1101 1655 in
1131 1617 1261 1656 urbem
1278 1617 1581 1668 Himeroeomm,
1608 1622 1647 1656 et
1674 1630 1818 1667 magna
1844 1616 1977 1668 populi
2005 1616 2212 1656 multitudo

393 1663 518 1715 effusa
537 1671 635 1706 esset
653 1670 703 1707 ad
719 1669 829 1707 illum
848 1673 886 1707 et
907 1670 1111 1709 videndum
1130 1674 1168 1709 et
1187 1671 1449 1710 honorandum
1462 1683 1476 1708 .·
1503 1671 1586 1709 hoec
1603 1672 1741 1710 mulier
1763 1670 2072 1710 animadvertens
2102 1669 2212 1708 illum

394 1731 477 1810 eislse
496 1720 826 1812 quemdinsomnio
845 1722 1014 1774 viderat,
1043 1736 1186 1773 magna
1203 1736 1291 1764 voce
1315 1725 1549 1764 exclamavit
1563 1739 1576 1765 .·
1604 1725 1669 1764 ubi
1696 1725 1767 1764 hoc
1794 1723 1975 1774 cognovit
1992 1718 2210 1776 Tyrannut,

393 1783 409 1809 z
441 1784 502 1811 am
521 1785 600 1812 occi
632 1775 788 1822 zJussit.

1156 1869 1400 1886 OO‘O‘OOOO‘
1406 1870 1453 1885 ‘O

393 1946 604 1997 probante
625 1949 970 1990 Perizonio.—69
999 1951 1121 1992 Harl.
1143 1953 1294 1995 Heins.
1315 1958 1351 1995 1.
1371 1954 1520 1994 Rliem.
1541 1957 1578 1994 1.
1594 1953 1644 1993 '2.
1665 1956 1705 1994 3.
1737 1950 1890 1992 Leidd.
1917 1956 1955 1992 5.
1975 1954 2015 1990 ὃ.
2048 1950 2208 2003 aliique

391 2000 576 2040 habent:
609 2003 778 2042 Himera
796 2017 927 2044 eorum
946 2006 1114 2054 moenia;
1143 2009 1295 2058 pauci:
1330 2009 1501 2047 Himera
1520 2007 1686 2054 moenia;
1715 2006 1785 2046 alii
1813 2004 2077 2056 Torreniani,
2112 2016 2208 2044 cum

392 2053 492 2093 edd.
514 2060 619 2095 vett.
651 2057 820 2096 Himera
839 2070 923 2097 eum
941 2062 1079 2098 moenia
1091 2072 1106 2105 ;
1133 2061 1245 2100 unde
1261 2062 1487 2101 lectionem
1506 2066 1695 2100 nostram
1716 2059 1830 2100 eruit
1848 2058 2033 2110 Pighius.
2073 2058 2210 2097 Porro

388 2109 439 2145 ad
459 2113 558 2147 ante
576 2112 832 2159 spectaculum
850 2112 1044 2163 plerique
1065 2113 1332 2154 delean—⁷0
1361 2115 1431 2154 Ita
1449 2114 1610 2154 Brand.
1631 2118 1668 2154 1.
1685 2118 1724 2153 2.
1755 2117 1801 2152 et
1828 2111 1952 2151 multi
1982 2110 2052 2151 alii
2085 2110 2211 2152 codd.

390 2160 566 2212 Pighius
587 2162 674 2201 sola
695 2164 844 2215 Camp.
865 2166 1148 2206 auctoritate:
1182 2168 1320 2207 Tutius
1337 2168 1527 2207 somnium
1543 2167 1697 2218 matris,
1721 2169 1787 2218 &a
1822 2165 1934 2217 quod
1959 2165 2050 2204 sine
2081 2164 2210 2204 dubio

389 2221 456 2253 est
477 2215 909 2266 interpretamentum
930 2219 1126 2259 lectionis
1145 2227 1318 2261 nostrae.
1375 2221 1553 2274 Aliquot
1573 2220 1698 2261 codd.
1731 2227 1779 2260 ut
1812 2219 1937 2259 Harl.
1971 2217 2149 2258 Barber.
2169 2221 2209 2257 2.

390 2267 544 2318 Copes.
564 2269 686 2310 Leid.
705 2275 745 2311 2.
767 2276 811 2310 et
830 2272 982 2324 Ultraj.
1003 2276 1042 2313 2.
1063 2285 1140 2325 pro
1158 2275 1327 2323 eiusdem
1346 2275 1545 2326 Dionysii,
1568 2275 1740 2325 legunt:
1770 2272 1867 2323 eius,
1894 2272 1963 2311 vel
1981 2272 2064 2321 eius
2077 2272 2119 2311 id
2136 2275 2208 2311 est.

387 2322 455 2360 vel
476 2327 523 2361 ut
541 2323 644 2361 Vet.
681 2324 763 2373 ejus
793 2325 910 2376 idem,
939 2327 1052 2366 unde
1087 2335 1268 2378 apparet
1301 2328 1489 2380 Dionysii
1520 2327 1820 2379 explicationis
1854 2337 1984 2366 causa
2015 2324 2208 2365 additum

389 2385 495 2414 esse.
551 2376 684 2415 Bari).
706 2381 744 2416 l.
765 2379 925 2418 habet:
959 2380 1133 2419 Tutioris
1168 2381 1309 2420 somnii
1335 2386 1459 2421 mater
1490 2381 1572 2430 eius
1607 2381 1626 2432 [
1733 2380 1753 2432 ]
1790 2392 1894 2430 quoe,
1928 2381 1995 2430 &aa
2024 2377 2204 2418 Ascens.

387 2426 538 2468 dedit:
577 2430 745 2469 Altioris
772 2431 927 2481 somnii,
958 2434 1026 2482 &a
1083 2434 1170 2472 Pro
1191 2434 1436 2486 Satyriscum
1467 2435 1616 2473 Rliem.
1652 2436 1689 2474 1.
1720 2436 1760 2474 2.
1789 2437 1828 2472 3.
1859 2437 1904 2472 et
1933 2431 2088 2482 Ultraj.
2109 2435 2146 2470 1.
2166 2434 2205 2471 2.

387 2481 604 2521 satiricum.
662 2484 765 2522 Mox
787 2485 936 2525 Rhem.
956 2490 991 2525 1.
1009 2489 1048 2526 2.
1076 2488 1284 2526 clarissimi
1301 2500 1346 2526 ac
1371 2486 1752 2538 potentissima-71
1783 2485 1835 2525 In
1869 2483 2096 2525 scribendo
2124 2484 2205 2524 hoc

387 2536 559 2576 nomine
581 2536 707 2576 codd.
734 2550 818 2577 non
845 2545 1071 2589 constant3
1099 2541 1226 2580 modo
1258 2541 1369 2580 enim
1394 2541 1776 2591 Carthaginensium,
1805 2538 1931 2579 modo
1953 2537 2207 2588 Carthagini-

1200 2665 1241 2705 N
1248 2663 1376 2704 OTAE

438 2757 455 2783 y
485 2750 792 2805 Himeraeorum]
811 2753 1001 2796 Quorum
1015 2755 1166 2797 civitas
1181 2757 1255 2797 Hi-

318 2861 320 2864 ·
381 2825 501 2853 mera
519 2814 571 2854 ad
584 2816 692 2855 ostia
712 2816 903 2858 Himerae
924 2817 1042 2859 fluvii
1061 2819 1115 2860 ab
1139 2820 1257 2860 Han-

379 2876 522 2917 nibale
543 2889 706 2918 eversa.

437 2948 455 2985 †
484 2939 568 2981 An.
588 2943 650 2981 M.
669 2946 790 2983 3648.
824 2944 896 2985 Ol.
917 2949 984 2986 93.
1005 2950 1044 2987 3.
1074 2947 1180 2988 Urb.
1205 2948 1255 2988 C.

381 3005 475 3044 347.
495 3004 597 3046 Ant.
619 3006 696 3045 Ch.
715 3010 811 3047 405.

435 3074 451 3093 2
477 3067 744 3121 Satyriscum]
755 3070 941 3110 Parvum
953 3072 1164 3124 Saty'rum.
1178 3074 1252 3114 Sa-

381 3137 510 3184 tyros*
523 3133 736 3185 sylvarum
757 3147 850 3174 esse
867 3139 1054 3189 numina,
1073 3138 1254 3180 hnmano

380 3195 566 3248 quidem,
597 3202 642 3236 at
671 3204 849 3238 cornuto
878 3200 1036 3251 capite,
1068 3203 1254 3252 caprinis

383 3259 580 3311 pedibus,
616 3266 708 3301 toto
741 3273 923 3314 corpore
954 3265 1103 3304 villoso
1135 3264 1255 3305 fabu-

378 3321 522 3360 lantur
555 3322 718 3363 Poetae.
775 3323 882 3364 Inde
915 3325 1031 3364 locus
1052 3324 1164 3366 forte
1197 3325 1254 3366 fa-

380 3383 492 3423 bulae
513 3384 654 3438 datus,
670 3386 781 3438 quod
812 3387 1039 3439 aliquando
1055 3389 1193 3441 pueri,
1213 3389 1256 3429 id

379 3446 552 3498 quidem
590 3448 832 3500 suspicatur
861 3450 1042 3502 Plinius,
1075 3457 1256 3492 cornuto

382 3511 526 3563 capite
541 3512 631 3552 nati
651 3513 747 3555 sin-t.
805 3513 875 3554 Ita
895 3515 1182 3558 Casaubonus.

1382 2763 1399 2805 ss
1432 2758 1516 2798 Au.
1538 2757 1602 2797 M.
1625 2759 1746 2797 3622.
1778 2756 1848 2797 Ol·
1876 2758 1944 2795 87.
1969 2758 2006 2795 1.
2027 2752 2132 2794 Urb.
2155 2753 2206 2794 C.

1325 2824 1418 2861 321.
1442 2820 1545 2861 Ant.
1566 2821 1642 2862 Ch.
1663 2823 1758 2860 431.

1378 2889 1397 2909 ¹²
1425 2883 1653 2934 Hamilcar]
1692 2883 1762 2923 Ne
1799 2881 1892 2934 quis
1923 2884 2040 2920 erret
2072 2879 2204 2919 nomi-

1325 2958 1425 2986 num
1446 2945 1722 2986 similitudine
1759 2945 1999 2997 deceptus;
2028 2944 2142 2996 quod
2160 2943 2202 2983 in

1325 3011 1599 3052 Hasdrubale
1614 3009 1811 3063 fecimus,
1826 3010 1937 3050 idem
1952 3010 2031 3050 hoc
2046 3009 2088 3048 in
2105 3010 2202 3050 loco

1323 3075 1614 3127 praestandum
1652 3080 1779 3126 puto:
1812 3080 1875 3125 ut,
1912 3078 2015 3128 quot
2047 3074 2202 3114 Poeno-

1324 3151 1415 3178 rum
1435 3139 1615 3179 ducibus
1645 3137 1900 3178 Hamilcaris
1928 3148 2081 3178 nomen
2100 3135 2200 3188 fuit,

1323 3214 1565 3242 moneamus
1614 3202 1777 3254 paucis.
1852 3201 1938 3241 Sex
1974 3204 2198 3252 septemve

1322 3265 1421 3305 mihi
1444 3269 1706 3304 occurrunt:
1739 3275 1915 3316 quorum
1945 3275 2053 3302 unus
2086 3263 2200 3302 Xer-

1322 3329 1387 3367 xis
1417 3334 1611 3379 tempore
1641 3339 1737 3367 cum
1769 3332 1862 3366 tota
1890 3327 2023 3366 classe
2053 3339 2078 3366 a
2111 3326 2197 3366 Ge·-

1321 3391 1420 3430 lone
1457 3402 1686 3442 oppressus
1720 3394 1822 3429 est:
1852 3389 1963 3428 alter
1999 3389 2196 3440 Magonis

1323 3454 1435 3493 filius
1467 3454 1510 3493 in
1541 3453 1687 3493 Sicilia
1720 3451 1864 3504 periit,
1893 3452 2098 3505 Dionysio
2130 3457 2196 3504 ty-

1324 3528 1457 3556 ranno
1477 3516 1644 3557 senior:
1676 3515 1828 3556 tertius
1859 3514 2088 3556 Rhodanus
2108 3515 2196 3555 dic-
