2346 3952
630 294 942 337 GEN'I'IBUS
987 292 1060 330 ET
1104 288 1407 330 FAMILIIS.

120 426 191 463 50.
220 418 481 462 Luciusscts.
510 417 669 458 Cnelus
683 419 776 457 552.
798 414 977 455 Publius

94 489 190 526 591.
222 484 379 526 Cneius
397 486 492 523 607.
527 482 683 522 Cneius
698 483 793 520 656.
820 478 979 518 Cneius

94 553 190 591 697.
239 547 395 589 cneius
409 550 504 587 735.
542 545 699 585 Cneius
717 546 810 583 739.
832 547 878 581 et
901 542 980 580 Lu-

95 613 188 653 cius
224 614 319 651 750.
385 611 452 650 Ex
483 610 579 649 aliis
613 608 740 648 Caius
773 607 979 646 Lentulus

99 673 345 728 Esquilinus
383 685 492 713 anno
529 676 623 713 275.
698 671 734 709 Ε
771 668 978 710 Caudinis

97 744 205 789 tres,
233 742 359 790 pater
379 736 536 776 Lucius
567 746 676 775 anno
701 736 796 773 478.
826 738 871 772 et
901 732 979 772 filii

99 800 185 841 duo
199 799 357 844 Lucius
375 802 470 840 516.
499 803 544 838 et
562 797 741 837 Publius
760 799 853 836 517.
895 797 978 836 Lu-

101 863 194 904 cius
227 862 374 915 Lupus
405 865 500 902 597.
558 861 715 901 Cneius
745 859 979 900 Clodianus

98 929 197 968 681.
235 926 290 966 Ρ.
305 926 411 965 Sura
429 927 523 964 682.
542 924 597 964 ob
614 923 810 964 Catilinae
832 924 981 975 conju-

107 988 319 1031 rationem
351 987 396 1029 in
425 999 600 1028 carcere
619 992 816 1028 necatus.
862 987 982 1028 Pub-

1859 275 1931 326 45

1046 411 1128 450 lius
1147 409 1353 462 Spinther
1379 419 1489 448 anno
1516 409 1612 448 696.
1672 405 1930 445 Ciceronem

1048 475 1179 514 exilio
1214 473 1446 514 revocavit.
1504 472 1552 511 L.
1576 469 1780 510 Lentulus
1805 469 1933 508 Crus-

1048 538 1184 578 cellus
1219 549 1329 577 anno
1362 539 1456 577 704.
1514 534 1693 575 Publius
1715 532 1934 572 Marcelli-

1047 614 1126 641 nus
1147 604 1240 641 735.
1283 601 1463 640 Publius
1480 598 1629 650 Scipio
1646 601 1741 637 739.
1780 598 1818 636 Ε
1833 597 1934 637 Gae-

1049 664 1194 704 tulicis
1214 671 1424 716 quatuor;
1455 671 1580 715 pater
1599 664 1757 702 Cossus
1780 661 1933 701 Gaetu-

1046 727 1154 767 licus
1175 741 1285 767 anno
1304 732 1400 768 752.
1430 734 1475 768 et
1494 728 1577 767 duo
1603 726 1682 766 filii
1701 726 1859 766 Cossus
1890 731 1936 765 et

1048 791 1221 841 Cueius‚
1253 791 1326 830 ille
1363 803 1473 830 anno
1505 793 1599 830 777.
1628 790 1696 830 hic
1732 792 1826 828 778.
1860 788 1934 840 qui

1047 866 1143 893 cum
1174 866 1243 894 res
1273 866 1404 894 novas
1426 854 1664 903 moliretur,
1694 866 1718 893 a
1739 852 1936 904 Caligula

1049 929 1185 957 caesus
1218 923 1301 958 est.
1359 918 1483 958 Cossi
1518 909 1830 969 filius'Collega
1853 916 1938 956 Ne-

1049 991 1164 1031 ronis
1184 1003 1296 1031 auno
1317 994 1413 1032 812.
1442 989 1541 1030 fuit.

543 1138 936 1193 CORNELII
977 1139 1497 1194 DOLABELLAE.

155 1266 193 1306 E
210 1266 493 1306 DOLABELms
512 1264 698 1318 quinque
714 1265 985 1318 potissimum

106 1335 411 1380 memorantur,
439 1341 616 1382 quorum
644 1330 845 1382 princeps
867 1330 983 1370 Pub-

103 1393 184 1433 lius
217 1393 444 1434 Dolabella
473 1394 630 1437 Consul
661 1406 772 1434 anno
804 1396 899 1434 470.
929 1394 984 1433 de

107 1456 241 1497 Gallis
289 1457 594 1509 triumphavit3
656 1457 813 1496 Cneius
871 1457 985 1496 illius

106 1518 221 1560 forte
252 1531 465 1571 pronepos
486 1520 643 1560 Consul
668 1524 762 1561 594.
793 1520 911 1572 cujus
932 1534 986 1561 ex

105 1580 196 1623 filio
232 1594 366 1634 nepos
400 1595 510 1623 anno
544 1583 638 1625 672.
671 1597 696 1625 e
730 1585 988 1625 Macedonia

108 1645 367 1697 triumphum
415 1647 588 1687 retulit:
653 1648 987 1699 repetundarum

109 1714 253 1750 tamen
274 1723 298 1750 a
317 1711 366 1751 C.
384 1711 556 1752 Caesare
578 1718 824 1753 accusatus:
855 1726 989 1766 nepo-

113 1779 199 1814 tem
218 1773 382 1828 habuit,
410 1782 455 1816 ut
473 1780 540 1816 est
560 1776 826 1830 conjectura,
845 1776 990 1817 fratris

1054 1266 1201 1307 Publii
1219 1266 1354 1307 filium
1370 1267 1571 1307 Publium
1591 1266 1856 1307 Dolabellam
1877 1267 1942 1308 M.

1055 1332 1275 1372 Ciceronis
1307 1345 1529 1385 generum,
1559 1333 1630 1385 qui
1651 1333 1855 1372 inlocum
1874 1346 1943 1374 oc-

1056 1395 1132 1435 cisi
1149 1395 1334 1436 Caesaris
1356 1397 1516 1436 Consul
1545 1408 1655 1435 anno
1675 1399 1769 1435 709.
1792 1395 1944 1436 suffec-

1053 1462 1140 1509 tus,
1167 1458 1335 1512 Syriam
1370 1459 1544 1512 quidem
1579 1458 1814 1499 interfecto
1849 1461 1946 1499 Tri-

1055 1522 1184 1563 bonio
1201 1523 1460 1576 occupavit;
1484 1524 1559 1564 sed
1581 1524 1671 1575 ipse
1692 1525 1821 1576 paulo
1843 1531 1945 1577 post

1055 1599 1079 1625 a
1100 1598 1223 1626 servo
1249 1587 1478 1627 Laodiceae
1499 1593 1677 1627 necatus
1696 1593 1790 1628 est:
1822 1595 1946 1628 natus

1055 1661 1109 1689 ex
1131 1661 1183 1689 eo
1203 1650 1384 1690 Publius
1415 1651 1469 1690 ab
1498 1650 1698 1703 Augusto
1719 1663 1828 1691 anno
1848 1654 1946 1695 762.

1058 1714 1341 1755 Consulatum
1367 1715 1566 1756 obtinuit.

623 1910 1015 1966 CORNELII
1054 1911 1430 1967 CETHEGI.

152 2034 402 2096 'cmnms
427 2038 620 2078 omnibus
638 2039 767 2091 longe
789 2041 996 2091 praestitit

116 2099 292 2140 Marcus
313 2101 382 2141 ille
403 2103 636 2154 Cethegus,
664 2107 734 2156 qui
754 2107 883 2144 etiam
906 2112 996 2146 tum

119 2161 368 2203 adolescens
405 2164 612 2205 Pontifex
651 2165 791 2206 factus
829 2174 921 2218 est3
952 2174 997 2209 et

117 2224 338 2278 aliquanto
368 2234 465 2279 post
492 2229 654 2269 Censor
675 2235 774 2270 ante
794 2231 998 2271 Consula-

118 2293 223 2340 tum,
238 2289 421 2342 denique
437 2291 595 2331 Consul
611 2306 720 2333 anno
736 2297 830 2335 549.
872 2296 999 2335 Etru-

117 2351 223 2391 riam
262 2353 305 2392 in
353 2352 438 2394 fide
488 2341 715 2396 continffiit.
785 2358 906 2398 Illius
945 2371 998 2398 ex

119 2412 255 2455 fratre
289 2427 423 2468 nepos
461 2415 545 2457 fuit
591 2419 721 2459 Caius
763 2421 1001 2462 Consulatu

120 2487 232 2517 anno
252 2482 345 2521 556.
400 2479 607 2534 Censura,
627 2487 670 2522 et
699 2483 916 2536 triumpho
944 2485 1000 2525 de

1064 2041 1321 2082 Insubribus
1341 2042 1524 2083 nobilis:
1554 2042 1637 2084 duo
1671 2042 1843 2096 quidem
1879 2042 1952 2083 alii

1066 2106 1289 2156 Consules,
1319 2106 1500 2146 Publius
1521 2120 1631 2146 anno
1651 2110 1747 2148 572.
1769 2112 1813 2146 et
1832 2107 1952 2145 Mar-

1064 2180 1142 2207 cus
1160 2171 1255 2208 593.
1287 2170 1360 2208 sed
1382 2169 1508 2209 rebus
1530 2171 1662 2222 gestis
1694 2182 1778 2210 non
1811 2170 1954 2210 admo-

1066 2230 1166 2270 dum
1188 2231 1309 2271 clari.
1366 2232 1582 2272 Illustrius
1616 2233 1835 2285 aliquanto
1870 2231 1955 2272 fuit

1067 2294 1117 2334 P.
1133 2293 1315 2344 Cethegi
1336 2307 1505 2345 nomen,
1532 2295 1604 2348 qui
1625 2295 1665 2334 in
1687 2294 1954 2335 dissensione

1068 2358 1262 2398 Mariana
1297 2358 1405 2398 urbe
1444 2361 1607 2411 pulsus,
1638 2365 1833 2411 tempore
1870 2359 1954 2398 Lu-

1069 2421 1169 2461 culli
1189 2422 1380 2462 civitatis
1402 2423 1605 2476 princeps
1624 2422 1757 2463 fuisse
1777 2422 1956 2463 dicitur.

673 2619 771 2674 CO
784 2621 1064 2674 RNELII
1106 2620 1404 2674 CINNAE.

177 2755 211 2785 ι.
241 2744 288 2784 L.
311 2744 533 2785 Cornelius
561 2745 700 2786 Cinna
719 2747 875 2787 Consul
895 2760 1003 2787 anno

126 2809 218 2846 626.
246 2807 376 2847 filium
395 2808 545 2849 habuit
570 2822 624 2849 11.
652 2811 830 2850 Lucium
851 2819 1005 2864 quater

130 2868 356 2910 Consulem
380 2883 490 2912 anno
510 2877 606 2914 666.
623 2877 716 2914 667.
734 2878 830 2915 668.
849 2882 893 2914 et
910 2879 1004 2915 669.

128 2931 200 2983 qui
219 2945 314 2973 cum
335 2934 378 2973 in
395 2934 512 2975 cives
535 2949 615 2976 una
631 2949 727 2976 cum
743 2937 886 2977 Mario
899 2939 1005 2977 mn}-

130 2995 185 3034 tis
213 2997 400 3038 caedibus
429 3008 647 3050 grassatus
673 3007 799 3054 esset,
825 3001 1003 3042 tandem

129 3069 155 3096 a
174 3059 260 3099 suis
281 3060 372 3112 ipse
393 3061 592 3102 militibus
612 3076 748 3104 caesus
765 3069 843 3105 est.
884 3066 1006 3105 Illius

129 3121 433 3164 filia‘Cornelia
452 3125 501 3167 C.
514 3126 677 3166 Caesari
697 3127 869 3180 nupsit;
896 3128 1007 3168 filius

134 3196 234 3224 vero
271 3197 344 3226 ιιι.
393 3187 549 3227 Lucius
597 3190 776 3240 primum
828 3192 1008 3242 Lepido,

133 3246 288 3288 deinde
309 3249 500 3291 Sertorio
522 3252 725 3295 adhaesit:
757 3253 941 3307 denique
957 3255 1008 3296 C.

133 3310 315 3352 Caesaris
333 3325 466 3365 opera
482 3316 724 3368 restitutus,
740 3329 795 3356 ex
812 3317 1012 3370 Pompeii

135 3373 284 3426 Magni
304 3373 392 3416 filia
411 3379 603 3430 suscepit
636 3391 699 3420 ιν.
729 3381 806 3422 Cn.
831 3381 1012 3421 Cinnam

137 3431 357 3489 Magnum,
377 3440 449 3491 qui
471 3441 534 3480 bis
553 3441 606 3481 ab
627 3441 824 3496 Augusto
847 3446 1013 3485 veniam

138 3497 320 3540 obtinuit
337 3514 349 3551 3
378 3505 524 3555 semel,
557 3505 668 3557 quod
700 3506 833 3548 hostis
868 3509 912 3548 in
950 3508 1014 3560 ip-

1072 2759 1161 2786 sum
1184 2759 1300 2786 arma
1318 2746 1510 2794 tulisset3
1539 2745 1713 2795 iterum,
1729 2743 1844 2797 quod
1863 2755 1961 2796 pro-

1073 2810 1187 2849 ditor
1214 2810 1299 2861 ipsi
1334 2815 1531 2861 parasset
1564 2809 1767 2848 iusidias:
1797 2809 1960 2848 amicus

1076 2874 1248 2913 tandem
1276 2874 1358 2925 ipsi
1390 2872 1528 2913 factus
1547 2872 1828 2912 Consulatum
1850 2882 1960 2911 anno

1074 2941 1168 2977 756.
1200 2937 1386 2988 adeptus
1406 2941 1488 2976 est.

1129 3001 1196 3040 De
1230 3001 1278 3041 L.
1310 3001 1449 3041 Cinna
1485 2998 1649 3052 quater*
1678 2998 1862 3038 Consule
1901 2997 1963 3038 ita

1075 3063 1268 3102 Velleius
1289 3063 1362 3104 lib.
1381 3075 1431 3103 ιι.
1461 3064 1473 3085 ‘
1491 3064 1569 3102 Vir
1596 3062 1783 3114 dignior,
1805 3061 1877 3113 qui
1897 3073 1962 3100 ar-

1076 3126 1207 3166 bitrio
1228 3127 1440 3167 victorum
1462 3134 1718 3176 moreretur,
1738 3137 1863 3177 quam
1881 3125 1965 3164 ira·

1079 3190 1236 3229 cundia
1271 3191 1480 3230 militum:
1523 3189 1577 3229 de
1617 3201 1701 3242 quo
1732 3188 1832 3240 jure
1876 3188 1965 3228 dici

1079 3258 1242 3305 potest,
1270 3266 1418 3293 anisum
1440 3266 1491 3293 ea
1510 3265 1605 3305 quae
1636 3248 1762 3291 nemo
1783 3251 1968 3292 auderet

1082 3319 1230 3370 bonus,
1259 3319 1510 3371 perfecisse,
1540 3331 1635 3370 quae
1672 3331 1696 3357 a
1730 3319 1846 3359 nullo
1882 3318 1966 3358 nisi

1080 3383 1315 3425 fortissimo
1353 3385 1502 3436 perfici
1534 3390 1722 3435 possent,
1749 3392 1794 3425 et
1826 3384 1965 3426 fuisse

1082 3459 1179 3486 eum
1210 3449 1253 3486 in
1283 3446 1569 3487 consultando
1598 3448 1892 3500 temerarium,
1921 3448 1965 3488 in

1082 3510 1334 3562 exequendo
1354 3509 1521 3552 virum.’
