2352 4022
362 328 466 380 140
1180 329 1419 368 ΜΑΧιΜι
1462 327 1579 365 [ΑΒ.
1619 327 1656 364 1.

361 459 775 516 damnaverunt,
801 451 951 521 quod
992 464 1194 500 novam
1235 447 1546 512 religionem
1573 443 1919 495 introducere
1946 443 2173 496 videba-

363 551 462 596 tur.
535 541 711 594 Iidem
753 536 1042 589 Phidiamz
1078 532 1336 592 tulerunt,
1364 529 1628 596 quamdiu
1654 528 1703 579 is
1744 531 2050 579 ‘marmore
2074 544 2175 596 po-

363 627 472 679 tius
511 641 676 693 quam
718 623 882 673 ebore
927 618 1276 669 Minervama
1311 614 1428 666 fieri
1471 611 1702 666 debere'
1741 611 1981 673 dicebat,
2024 612 2176 679 quod

363 710 569 762 diutius
606 707 744 759 nitor
781 707 930 755 esset
965 716 1290 753 mansurus:
1329 698 1426 750 sed
1472 704 1535 749 ut
1581 695 1810 763 adjecit,
1848 699 1942 748 ‘et
1980 696 2179 759 viliuS‚'

362 801 546 846 tacere
565 785 952 859 jusserunt.²b†

432 877 482 930 8.
518 873 835 946 Diomedon
872 887 1015 923 unus
1059 885 1133 921 ex
1171 868 1360 919 decem
1386 866 1638 928 ducibuS,
1680 866 1774 932 qui
1815 863 2178 932 Arginusae⁴⁰

362 961 554 1013 eadem
581 974 767 1026 pugna
793 955 1220 1009 Atheniensibus
1258 950 1590 1012 victoriam,‘¹
1631 949 1740 1001 sibi
1781 964 1912 1001 vero
1952 948 2179 1002 damna-

360 1046 598 1096 tioneme
646 1044 1015 1111 pepererunt‚‡
1054 1056 1178 1091 cum
1196 1038 1317 1107 jam
1344 1037 1415 1089 ad
1441 1033 1803 1088 immeritum⁵
1843 1033 2180 1102 supplicium

361 1127 668 1190 duceretur,
692 1126 830 1178 nihil
854 1124 1006 1177 aliud
1032 1124 1255 1175 locutus
1281 1127 1387 1183 est,
1414 1136 1577 1188 quam
1618 1121 1634 1145 ‘
1654 1123 1717 1170 ut
1740 1124 1875 1172 vota
1898 1134 2002 1186 pro
2026 1118 2179 1170 inco-

359 1208 605 1263 lumitate
631 1210 913 1262 exercitus
939 1209 1010 1259 ab
1037 1208 1164 1275 ipso
1189 1209 1512 1272 nuncupata
1537 1202 1907 1256 solverentur?

874 333 1136 374 VALERII

412 1391 431 1410 ²
462 1382 589 1423 Iidem
606 1380 863 1421 Athenienses
891 1380 1054 1419 libenter
1083 1379 1293 1418 audierunt
1323 1377 1524 1428 Phidiam,
1551 1376 1736 1428 quamdiu
1765 1377 1803 1416 is
1829 1375 1983 1416 dicebat
2012 1376 2186 1414 aarum

361 1437 554 1477 Minervoe
587 1436 722 1476 debere
741 1435 840 1487 fieri
861 1434 996 1485 potius
1018 1446 1038 1473 e
1070 1444 1276 1479 marmore,
1306 1444 1421 1482 qaam
1452 1444 1504 1470 ex
1535 1432 1660 1482 ebore,
1688 1430 1779 1482 quia
1809 1432 1953 1470 candor
1984 1438 2189 1467 mansurus

362 1496 446 1530 erat
463 1490 612 1530 diutius
628 1489 672 1528 in
687 1501 907 1533 marmore,·
933 1489 999 1527 sed
1008 1486 1213 1535 jusserant
1230 1485 1359 1536 silere,
1384 1489 1586 1536 postquam
1604 1484 1775 1535 addidit,
1803 1484 1951 1523 minore
1967 1483 2088 1523 etiam
2110 1481 2183 1520 im-

357 1557 476 1595 pensa
492 1547 664 1583 statuam
671 1543 771 1595 fieri
789 1555 838 1581 ex
855 1553 1056 1583 marmore.

1346 1645 1422 1660 ”O

363 1720 562 1770 quote-4
581 1716 794 1766 Arginusae
814 1714 1005 1754 restituit
1022 1714 1203 1765 Pighius
1222 1726 1275 1754 ex
1292 1714 1442 1764 Camp.
1462 1724 1556 1752 cnm
1578 1712 1630 1752 ab
1648 1711 1716 1751 ed.
1735 1709 1834 1751 Ald.
1850 1710 2033 1751 abesset.
2053 1707 2191 1760 quibus

365 1771 514 1820 Argivi
528 1783 567 1810 se
588 1771 721 1809 eadem
742 1769 923 1820 Herbip.
942 1768 1082 1819 quibus
1100 1768 1313 1818 Arginusoe
1331 1770 1464 1807 eadem
1479 1778 1630 1818 pugna,
1658 1770 1698 1805 et
1727 1757 1932 1806 victoriam
1963 1767 2003 1803 et
2031 1764 2192 1803 damnu-

365 1825 511 1863 tionem
526 1825 677 1874 peperit
697 1823 737 1861 in
759 1822 885 1861 codd.
905 1821 1104 1861 Torrenii
1126 1835 1135 1860 ε
1161 1823 1360 1872 pepererit
1380 1821 1421 1859 in
1445 1820 1568 1860 Harl.
1585 1819 1721 1871 quibus
1735 1832 1857 1859 musae
1874 1846 1885 1858 .
1903 1847 1914 1859 .
1933 1847 1943 1858 .
1960 1819 2194 1868 pepererunt

364 1877 409 1917 in
431 1878 573 1917 Bitur.
598 1882 716 1917 1.—-5
748 1875 930 1925 Herbip.
951 1888 1038 1915 cam
1056 1876 1108 1914 ad
1125 1875 1214 1924 jam
1240 1875 1451 1914 meritum.-
1480 1874 1630 1926 Camp.
1659 1886 1745 1913 cum
1771 1875 1823 1914 ad
1852 1872 2119 1916 immeritum5
2147 1871 2192 1907 at

366 1931 547 1980 Pighius
566 1930 726 1970 edidit:
755 1942 840 1968 cam
862 1929 949 1978 jam
981 1941 1056 1968 non
1083 1930 1135 1967 ad
1163 1929 1371 1968 meritum:
1401 1927 1501 1967 Ald.
1528 1927 1708 1976 cumjam
1728 1928 1778 1966 ad
1796 1926 1991 1966 meritum.
2044 1922 2189 1961 ‘Vera

364 1985 523 2076 {genoz
554 1984 736 2033 cumjam
755 1985 805 2023 ad
819 1983 1072 2032 immeritum,
1102 1982 1191 2021 sive
1222 1983 1392 2034 potius:
1421 1993 1507 2020 cum
1535 1982 1587 2020 ad
1616 1980 1871 2030 immeritum,
1902 1977 2058 2018 omisso
2076 1973 2193 2024 jam!

410 2051 510 2089 app.

1202 2101 1384 2142 NOTAE

365 2198 454 2238 riit.
511 2198 581 2238 lta
614 2198 796 2238 Diodor.
851 2198 962 2237 Sunt
999 2196 1072 2248 qui
1107 2195 1242 2235 velint
1311 2196 1468 2247 tylenae
1489 2193 1839 2246 promontorium.

365 2266 601 2313 Socratem,
646 2263 899 2304 Judaeorum
938 2274 1073 2311 more,
1113 2272 1242 2300 unum
1364 2257 1383 2284 ‘¹
1411 2257 1719 2297 Atheniensibus
1749 2252 1975 2305 victoriam]
2001 2250 2193 2304 Spartia-

367 2327 510 2366 Deum
533 2326 801 2377 praedicasse.

420 2396 436 2414 ²
466 2389 672 2439 Phidiam]
699 2388 941 2428 statuarius
961 2385 1042 2426 fuit
1062 2386 1244 2426 clarissi-

369 2464 478 2502 mus,
510 2453 605 2491 Diis
638 2464 760 2503 quam
784 2449 1026 2490 hominibus
1045 2447 1245 2499 effingen-

368 2516 433 2554 dis
454 2515 613 2554 artifex
636 2514 800 2562 melior‚
830 2519 941 2552 teste
977 2511 1246 2553 Quintiliano

367 2578 443 2617 lib.
466 2589 551 2617 xu.
605 2577 727 2616 Illius
753 2577 935 2615 maxime
955 2574 1184 2613 laudantur
1203 2578 1248 2611 et

369 2640 642 2680 Atheniensis
664 2639 878 2688 Minerva,
897 2643 941 2677 et
957 2637 1186 2688 Olympius
1205 2636 1246 2674 in

371 2702 494 2743 Elide
514 2702 705 2753 Jupiter.

424 2772 443 2792 ⁸
487 2767 614 2805 Ebore
655 2763 897 2815 Minervam]
946 2764 1010 2802 Ex
1047 2774 1151 2802 auro
1203 2768 1248 2802 et

373 2829 502 2870 ebore
524 2829 704 2878 Plinius,
733 2839 784 2867 ex
815 2839 901 2867 aere
929 2831 974 2866 et
993 2825 1122 2865 ebore
1143 2825 1248 2865 Ovi-

371 2894 480 2942 dius,
498 2906 551 2932 ex
572 2904 673 2931 auro
693 2889 918 2931 conflatam
938 2888 1070 2928 fuisse
1097 2889 1248 2929 scribit

375 2956 492 2995 Plut.

427 3017 446 3044 ¹³
479 3018 620 3057 Tacere
631 3015 852 3066 jusserunt]
875 3014 1006 3056 Quasi
1030 3027 1110 3053 non
1130 3021 1247 3054 recte

373 3082 428 3120 de
447 3082 634 3132 ipsorum
653 3079 814 3131 pietate
840 3080 1045 3128 locutum,
1073 3090 1166 3117 cuin
1188 3078 1247 3116 di-

374 3151 507 3193 ceret,
535 3145 629 3182 illos
665 3153 840 3194 parcere
873 3140 1080 3179 sumtibus
1112 3143 1153 3178 in
1185 3140 1250 3190 iis,

375 3220 469 3259 quae
491 3207 543 3246 ad
569 3207 755 3245 Deorum
783 3204 940 3243 cultum
968 3203 1251 3254 pertinerent.

431 3277 447 3313 t
479 3269 561 3309 An.
581 3269 644 3308 M.
675 3271 794 3308 3640.
860 3267 928 3306 ΟΙ.
950 3269 1017 3306 91.
1042 3269 1081 3306 3.
1144 3266 1250 3306 Urb.

378 3333 427 3373 C.
451 3336 543 3372 339.
586 3331 690 3372 Ant.
710 3331 785 3371 Ch.
805 3332 901 3370 413.

432 3401 449 3420 0
475 3394 703 3446 Arginusoe]
732 3394 840 3432 Sunt
874 3398 958 3431 tres
986 3391 1164 3431 modicae
1185 3392 1247 3431 in-

379 3458 480 3498 sulae
512 3458 647 3498 Lesbo
677 3456 843 3508 vicinae,
873 3456 924 3496 ad
962 3455 1146 3496 Maleam
1167 3456 1248 3495 Mi-

1313 2328 1452 2360 tarum
1491 2322 1579 2361 dux
1620 2318 1922 2360 Callicratidas
1959 2316 2193 2359 Athenien-

1314 2385 1420 2423 sium
1442 2385 1621 2424 classem
1642 2383 1835 2433 adortus,
1851 2383 2007 2421 laevum
2021 2379 2193 2433 quidem

1315 2459 1449 2487 cornu
1470 2447 1590 2497 vicit,
1621 2446 1694 2485 sed
1718 2446 1817 2484 dum
1837 2445 1880 2484 in
1899 2444 2097 2484 dextrum
2117 2443 2194 2482 im·

1316 2510 1578 2561 pressionem
1618 2509 1727 2549 facit
1760 2507 2091 2560 imprudentius,
2120 2519 2194 2546 seu

1315 2575 1359 2613 in
1380 2586 1496 2614 mare
1520 2575 1736 2626 delapsus,
1752 2585 1826 2612 seu
1844 2573 1942 2612 telis
1961 2570 2196 2623 confossus,

1315 2643 1363 2677 nt
1399 2638 1491 2676 vult
1525 2638 1755 2688 Diodorus,
1782 2647 1991 2688 nusquam
2020 2646 2194 2686 compa-

1315 2701 1416 2750 ruit,
1437 2706 1648 2753 partaque
1668 2701 1779 2740 illius
1799 2705 1938 2740 morte
1957 2697 2195 2739 Athenien·

1313 2763 1429 2803 sibus
1449 2763 1643 2804 victoria.

1369 2831 1386 2852 θ
1428 2825 1751 2882 Damnationem]
1796 2824 1923 2868 Quod
1960 2816 2195 2866 occisorum

1315 2902 1498 2942 corpora
1529 2891 1763 2942 sepulturae
1795 2900 1879 2928 non
1906 2887 2195 2938 mandassent,

1316 2954 1497 3006 primum
1534 2953 1719 3005 conjecti
1755 2951 1797 2991 in
1831 2951 2013 3002 vincula,
2039 2944 2196 2990 deinde

1316 3017 1462 3067 capite
1528 3016 1732 3066 damnati,
1786 3020 1971 3066 excepto
2004 3015 2197 3065 Conone,

1317 3080 1387 3132 qui
1432 3080 1580 3132 praelio
1628 3092 1711 3119 non
1765 3077 1973 3128 affuerat3
2015 3089 2196 3130 cumque

1318 3144 1443 3194 paulo
1475 3148 1574 3194 post
1603 3143 1805 3194 populum
1825 3141 1930 3182 facti
1950 3141 2195 3192 poeniteret,

1317 3206 1476 3245 acriter
1510 3206 1552 3245 in
1585 3212 1858 3245 accusatores
1887 3203 2080 3244 saevitum
2116 3209 2201 3255 est,

1318 3275 1365 3308 ut
1388 3269 1562 3308 tradunt
1583 3268 1712 3308 Diod.
1727 3274 1772 3308 et
1791 3267 1990 3319 Xenoph.
2006 3267 2080 3308 lib.
2096 3278 2127 3307 1.

1377 3336 1394 3379 ss
1424 3331 1508 3371 An.
1528 3331 1590 3370 M.
1609 3333 1731 3370 3648.
1793 3330 1865 3370 01.
1893 3333 1960 3370 93.
1989 3333 2028 3371 3.
2087 3329 2194 3369 Urb.

1319 3394 1366 3434 C.
1387 3397 1479 3434 347.
1530 3393 1630 3434 Ant.
1653 3393 1730 3434 Ch.
1748 3395 1840 3433 405.
