2352 4022
379 310 511 348 cAP.
541 308 631 346 ιιι.
675 308 754 346 nu
797 307 1220 347 ABSTINEN‘HA
1267 309 1340 346 ET
1382 310 1831 349 cou'rmuurm.
1916 301 2022 353 447

198 429 519 496 exemplum
543 427 824 495 posterior
850 430 988 477 aetas
1014 427 1171 492 sequi
1194 427 1484 480 voluisset!
1562 426 1729 480 Nunc
1756 447 1865 497 quo
1894 450 2024 486 ven-

198 521 319 567 tum
339 515 463 567 est‘?
504 528 538 564 a
562 511 735 564 servis
753 511 851 561 vix
871 511 1152 578 impetrari
1172 518 1375 578 potest,
1397 529 1464 563 ne
1484 530 1606 566 eam
1627 515 2022 580 supellectilem

198 599 510 661 fastidiant,
537 613 650 665 qua
674 601 803 648 tunc
830 594 1031 647 consul
1051 595 1131 645 uti
1156 611 1262 646 non
1287 598 1521 648 erubuit.
1544 604 1581 635 3³
1603 601 1620 644 ss

272 683 324 736 8.
360 680 441 734 At
466 681 636 733 Perse
662 696 789 748 rege
825 679 1044 731 devicto
1071 678 1305 742 Paulus,
1341 697 1465 734 cum
1492 682 1878 735 Macedonicis
1907 685 2029 751 opi-

199 769 309 822 bus
334 777 580 820 veterem
604 770 767 834 atque
794 764 1200 817 haereditariam
1228 766 1383 817 urbis
1409 773 1613 819 nostrae
1642 777 2030 838 paupertatem

203 870 271 905 eo
303 868 485 920 usque
510 851 792 914 satiasset,
810 850 824 878 ‘
847 855 912 901 ut
935 849 1030 900 illo
1062 855 1309 917 tempore
1335 852 1572 918 primum
1597 856 1840 921 populus
1868 855 2032 907 Rom.

203 938 397 991 tributi
429 936 740 1005 praestandi
759 943 782 964 ¹²
808 951 973 987 onere
1002 951 1062 986 se
1081 941 1124 973 ³4
1147 936 1438 1002 liberaret3
1475 948 1704 1005 penates
1725 957 1856 992 suos
1882 942 2034 994 nulla

201 1040 278 1076 ex
303 1027 462 1091 parte
490 1022 894 1090 ‚locupletiores
937 1019 1099 1085 fecit;
1123 1027 1144 1048 V
1181 1021 1449 1088 praeclare
1493 1039 1685 1074 secum
1729 1028 1913 1076 actum
1938 1042 2035 1077 ex-

201 1109 479 1170 istimanS‚
516 1107 667 1175 quod
690 1123 762 1158 ex
787 1106 888 1158 illa
908 1106 1148 1160 victoria
1171 1106 1266 1158 alii
1292 1108 1606 1175 pecuniam,
1644 1110 1768 1177 ipse
1807 1110 2036 1178 gloriam

207 1198 568 1260 occupasset.
589 1212 614 1237 a·

276 1279 331 1331 9.
369 1277 558 1347 Atque
596 1278 729 1332 huic
773 1279 945 1332 animi
983 1280 1107 1349 ejus
1141 1279 1358 1348 judicio
1401 1277 1473 1343 Q.
1500 1279 1711 1332 Fabius
1748 1281 1988 1348 GurgeS‚
2010 1287 2039 1308 W

210 1362 383 1416 Num.
427 1363 637 1416 Fabius
676 1364 887 1428 Pictor,
930 1365 1002 1430 Q.
1044 1364 1321 1432 Ogulnius
1345 1369 1385 1401 ³⁵
1431 1365 1905 1433 subscripserunt:
1946 1367 2042 1434 qui

206 1449 380 1517 legati
405 1449 480 1502 ad
507 1449 910 1503 Ptolemaeum¹
951 1465 1137 1518 regem
1176 1439 1355 1514 missi,
1393 1465 1637 1514 munera,
1675 1467 1799 1518 quae
1839 1451 1909 1503 ab
1936 1467 2002 1502 eo
2023 1458 2044 1487 y

981 1599 1255 1618 &nomm
1258 1601 1283 1618 O

209 1702 428 1758 Pighius,
457 1718 554 1746 cum
575 1705 734 1757 Ultraj.
757 1710 795 1746 1.
819 1710 861 1748 2.
892 1708 1016 1748 Leid.
1039 1714 1079 1750 5.
1098 1709 1200 1749 Vet.
1237 1713 1283 1748 et
1316 1706 1571 1760 quibusdam
1609 1705 1729 1746 aliis:
1758 1705 1820 1744 uti
1852 1717 1933 1745 non
1974 1717 2045 1756 ag-

207 1765 390 1799 noscunt
413 1756 529 1800 Dan.
549 1772 658 1799 unus
676 1760 839 1801 Brand.
860 1775 967 1801 unus
986 1763 1138 1802 Rhem.
1170 1762 1356 1815 quinque
1376 1761 1529 1801 Leidd.
1562 1761 1718 1812 Copes.
1759 1759 1883 1798 Harl.
1917 1760 2045 1798 Barb.

209 1821 254 1852 et
269 1813 436 1854 Medic.
459 1818 497 1853 1.
524 1815 616 1865 quia
634 1819 726 1855 tunc
744 1828 852 1856 unus
873 1816 1028 1857 Rhem.
1057 1828 1169 1868 quam
1189 1821 1282 1856 tunc
1302 1816 1651 1855 novem'Porren.
1671 1827 1768 1854 cum
1785 1825 1868 1852 uno
1884 1813 2048 1852 Brand.

209 1869 317 1906 —34
352 1868 451 1907 Duo
470 1868 649 1908 Torren.
667 1869 874 1909 omittunt
892 1883 947 1911 se.
1003 1871 1141 1910 Paulo
1168 1877 1268 1922 post
1302 1870 1441 1910 Bitur.
1475 1872 1514 1909 1.
1546 1870 1644 1919 quod
1677 1881 1727 1906 ex
1758 1868 2044 1907 victoria—35

209 1919 320 1960 Susii
339 1921 506 1960 codex:
540 1923 590 1966 Q.
611 1922 824 1963 Numerius
841 1924 1000 1974 Pictor,
1033 1925 1084 1970 Q.
1114 1924 1335 1975 Ogolinus,·
1363 1930 1408 1963 et
1442 1922 1504 1962 sic
1537 1922 1580 1961 in
1616 1923 1758 1961 Pulm.
1796 1922 1869 1961 Cn.
1903 1921 2050 1960 Fabius

211 1975 366 2027 Pictor,
386 1975 438 2020 Q.
463 1976 656 2025 Ugolinus
677 1977 837 2018 Cauch.
859 1979 1004 2019 Colon.
1025 1986 1071 2018 et
1088 1978 1263 2019 Winck.
1296 1979 1344 2018 C.
1364 1977 1579 2017 Numerius
1601 1976 1759 2023 Pictor,
1783 1976 1834 2020 Q.
1862 1975 2052 2025 Ugolinus

213 2027 364 2080 Camp.
397 2028 610 2069 Numerius
630 2031 782 2081 Pictor,
818 2033 870 2077 Q.
895 2034 1087 2079 Ogolm'us
1116 2033 1427 2083 subscripserunt
1457 2030 1611 2070 Atreb.
1647 2036 1694 2069 et
1731 2029 1902 2069 Gembl.
1937 2029 2049 2067 unde

213 2081 391 2133 Pighius
410 2080 684 2124 scribendum
706 2087 888 2136 putavit,
913 2087 960 2125 C.
979 2085 1037 2127 N.
1061 2087 1176 2126 Fabii
1193 2087 1404 2133 Pictores;
1433 2096 1616 2136 eumque
1636 2084 1772 2123 secuti
1792 2088 1890 2122 sunt
1908 2082 2049 2122 Coler.

211 2136 341 2188 Thys.
375 2144 422 2176 et
454 2137 606 2178 Minel.
658 2140 734 2179 Cn.
760 2140 875 2180 Fabii
894 2141 1077 2180 Pictores
1093 2141 1250 2190 Delph.
1296 2141 1354 2181 N.
1388 2139 1538 2180 Fabius
1566 2139 1707 2178 Pictor
1725 2138 1920 2176 Vorstius
1954 2149 2048 2174 cum

212 2190 336 2242 Mog.
387 2191 600 2232 Numerius
630 2194 786 2243 Pictor,
821 2196 871 2239 Q.
908 2195 1108 2244 Ogulnius
1137 2195 1310 2246 plurimi
1344 2193 1471 2234 codd.
1502 2194 1681 2233 Torren.
1741 2191 1874 2231 Gneus
1904 2190 2050 2230 Fabius

214 2243 355 2284 Pictor
374 2244 415 2283 in
438 2245 574 2285 tribus
595 2246 817 2298 ejusdem:
850 2248 931 2288 Gn.
953 2249 1170 2288 Numerius
1201 2249 1242 2287 in
1274 2249 1382 2288 alio:
1413 2247 1639 2286 Perizonio
1671 2245 1901 2295 legendum
1934 2243 2050 2282 vide-

214 2295 368 2339 batur:
399 2299 519 2339 Fabii
559 2300 610 2346 Q.
647 2301 821 2353 Gurges,
851 2303 1068 2342 Numerius
1101 2303 1254 2355 Pictor,
1285 2303 1336 2348 Q.
1369 2301 1577 2353 Ogulnius.
1633 2299 1744 2340 Edd.
1767 2305 1876 2339 vett.
1896 2311 1937 2338 se
1964 2299 2050 2337 sub-

1045 2427 1222 2469 NOTAE

270 2516 403 2568 ssAn.
422 2518 488 2558 M.
509 2522 634 2559 sss-1.
682 2520 756 2561 01.
786 2523 882 2560 153.
903 2524 942 2561 2.
990 2522 1101 2562 [ιώ.

217 2582 266 2623 e.
285 2585 380 2623 866.
427 2581 534 2622 Ant.
557 2584 634 2623 ch.
657 2587 750 2625 166.

1172 2522 1248 2572 sis,
1277 2528 1323 2562 et
1349 2522 1534 2574 phialam
1570 2519 1759 2573 quinque
1779 2517 1922 2570 pondo
1943 2517 2051 2557 AElio

1170 2586 1391 2627 Tuberoni
1412 2586 1639 2626 concessit.

269 2647 284 2671 ²
311 2645 526 2697 satiasset]
557 2647 609 2686 In
630 2647 756 2687 Pauli
778 2649 933 2688 AEmilii
954 2647 1102 2689 trium-

216 2708 302 2760 pho
322 2709 467 2749 delata
495 2716 596 2750 sunt
621 2723 727 2751 vasa
754 2715 849 2752 750.
888 2712 1017 2752 trium
1038 2718 1102 2752 ta-

215 2772 432 2812 lentorum
453 2773 621 2825 singula
640 2774 842 2826 capacia:
863 2787 994 2827 quare
1011 2780 1105 2815 tota

218 2837 312 2878 auri
332 2850 496 2877 summa
515 2839 656 2889 potuit
674 2851 766 2879 esse
782 2839 932 2879 decem
951 2840 1104 2880 millio-

215 2913 317 2940 num
333 2905 428 2941 310.
444 2901 622 2941 millium
637 2909 954 2942 coronatorum.
983 2903 1104 2943 Prae-

218 2969 340 3003 terea
360 2963 528 3005 infinita
562 2965 623 3004 vis
655 2971 916 3017 statuarum,
936 2967 1104 3006 tabula-

219 3037 331 3077 rum,
359 3039 577 3078 vasorum,
613 3029 831 3080 signorum
883 3042 937 3069 ex
986 3042 1105 3080 auro,

221 3097 420 3141 argento,
438 3090 586 3141 ebore,
604 3094 685 3131 ὅτε.

272 3159 292 3179 “
316 3154 474 3194 Tributi
489 3156 727 3207 proestandi]
749 3157 974 3210 Deinceps
989 3157 1104 3198 enim

218 3228 394 3258 censum
416 3217 611 3270 pendere
632 3219 857 3260 desierunt
888 3221 1003 3261 cives
1035 3233 1104 3261 us-

221 3293 303 3334 que
325 3282 379 3322 ad
402 3282 536 3322 Hirtii
561 3287 607 3322 et
630 3282 787 3323 Pansae
808 3283 1103 3336 Consulatum,

218 3350 269 3384 ut
289 3345 424 3385 tradit
443 3345 562 3385 Plut.

275 3413 294 3433 v
306 3407 596 3459 Locupletiores
600 3408 724 3462 fecit]
742 3410 980 3450 Pecuniam
991 3410 1106 3451 enim

223 3473 340 3512 illam
374 3484 429 3512 ne
460 3474 654 3525 aspicere
683 3475 856 3527 quidem
877 3476 1105 3515 sustinuit:

227 3537 359 3577 libros
395 3536 536 3588 regios
569 3536 666 3577 filiis
694 3539 916 3579 literarum
946 3538 1108 3578 studio·

1225 2649 1250 2673 ⁴¹*
1278 2649 1363 2689 An.
1383 2651 1446 2690 M.
1468 2653 1588 2689 3887.
1638 2647 1711 2687 01.
1732 2649 1823 2686 153.
1845 2649 1885 2686 2.
1943 2644 2052 2684 Urb.

1173 2713 1222 2755 C.
1243 2718 1335 2753 586.
1382 2713 1485 2753 Ant.
1507 2712 1586 2752 Ch.
1606 2714 1700 2751 166.

1226 2783 1252 2802 w
1298 2778 1350 2823 Q.
1390 2776 1538 2817 Fabius
1574 2773 1751 2824 Gurges]
1801 2769 2051 2822 Legationis

1172 2841 1245 2880 ille
1266 2841 1468 2892 princeps
1489 2838 1588 2886 fuit,
1609 2839 1673 2876 vir
1694 2835 1856 2886 duplici
1877 2840 1922 2873 et
1942 2833 2052 2872 Con-

1173 2906 1311 2944 sulatu
1334 2911 1380 2944 et
1400 2903 1617 2953 triumpho
1635 2899 1787 2939 nobilis
1805 2912 1815 2937 :
1836 2898 1887 2938 C.
1904 2902 1948 2936 et
1964 2896 2050 2935 Nu.

1174 2968 1295 3008 Fabii
1314 2967 1511 3007 Pictores
1530 2964 1652 3004 ambo
1671 2962 1844 3008 fratres,
1872 2966 1917 2999 et
1939 2958 2055 2997 AEdi-

1173 3031 1282 3080 litii;
1314 3032 1369 3073 Q.
1390 3042 1493 3069 vero
1515 3027 1724 3079 Ogulnius
1745 3021 2027 3066 Quaestorius.

1226 3100 1246 3120 Χ
1287 3096 1352 3134 Ad
1388 3090 1662 3141 Ptolemaeum]
1705 3086 2051 3137 Philadelphum,

1172 3157 1243 3210 qui
1277 3156 1435 3196 auditis
1471 3156 1758 3210 Romanorum
1795 3149 1848 3188 de
1882 3148 2052 3200 Pyrrho

1173 3220 1381 3268 victoriis,
1412 3218 1524 3257 misit
1562 3217 1739 3255 Romam
1772 3213 1952 3261 legatos,
1981 3210 2052 3262 qui

1173 3296 1248 3323 suo
1269 3283 1439 3322 nomine
1468 3285 1512 3319 et
1544 3288 1719 3317 munera
1740 3273 1979 3322 deferrent,
2008 3278 2054 3312 et

1174 3345 1402 3386 amicitiam
1435 3342 1608 3381 inirent.
1664 3338 1734 3377 Ita
1767 3337 1935 3387 Florus,
1968 3335 2053 3374 Eu-

1176 3415 1291 3458 trop.
1312 3413 1357 3446 et
1378 3406 1534 3445 Zonar.

1230 3478 1247 3506 5
1278 3472 1463 3519 Munera,
1490 3480 1574 3518 quae
1606 3466 1656 3504 ab
1676 3466 1736 3516 eo]
1764 3464 1816 3503 Iu
1843 3462 2007 3503 duobus
2029 3475 2054 3501 a

1180 3534 1302 3574 nobis
1322 3532 1520 3573 Justinus
1543 3529 1765 3568 dissentit:
1790 3526 1901 3580 quod
1933 3532 1976 3566 et
1996 3526 2055 3565 le-
