2352 4022
382 315 490 369 242
882 329 1141 370 vAnnnu
1184 327 1427 369 MAxrmr
1470 332 1587 371 Lm.
1630 334 1696 372 11.

379 449 598 514 mine,¹0
633 447 696 501 C.
723 446 889 510 Mari,
916 449 1011 516 qui
1038 448 1252 514 gemina
1273 448 1465 502 lauro.j
1505 458 1825 506 coronatam
1853 460 2194 510 senectutem

380 539 530 587 tuam
553 532 868 586 Numidicis
906 539 960 584 et
1003 530 1350 586 Germanicis
1369 531 1390 562 ¹‘
1426 534 1696 588 illustrem
1737 539 1983 605 tropaeiS,
2023 542 2199 598 victor

382 617 622 672 devictae
647 615 828 684 gentis
851 615 1108 669 facundia
1130 617 1440 685 politiorem
1465 619 1583 671 fieri
1608 621 1868 675 noluisti:
1909 624 2092 688 credo,
2129 642 2199 678 116

380 700 689 767 alienigena
711 699 913 766 ingenii
939 700 1363 766 exercitatione,
1404 704 1570 770 patrii
1610 705 1751 757 ritus
1786 721 1975 759 servus
2014 713 2193 761 trans·

378 780 533 851 fuga¹
571 784 898 835 existeres.¹¹
976 782 1118 848 Quis
1143 801 1272 853 ergo
1312 785 1446 839 huic
1474 790 1882 854 consuetudini,
1915 808 2030 859 qua
2054 806 2197 846 nunc

379 863 596 919 Graecis
622 866 928 919 actionibus
971 883 1138 920 aures
1178 869 1348 922 curiae
1374 872 1756 937 exsurdantur,
1775 874 2006 942 januam
2032 882 2192 944 pate-

377 948 587 1003 fecitis
620 956 683 1002 ut
706 951 921 1018 opinor,
961 953 1116 1006 Molo
1137 954 1375 1019 rhetor,¹¹²
1414 956 1509 1024 qui
1548 958 1734 1010 studia
1783 957 1868 1012 M.
1914 958 2198 1012 Ciceronis

378 1036 545 1088 acuit.
620 1035 764 1087 Eum
787 1051 1027 1105 namque
1053 1043 1180 1089 ante
1205 1054 1395 1090 omnes
1421 1044 1736 1092 exterarum
1762 1043 2004 1109 gentium
2030 1043 2088 1094 in
2112 1059 2197 1095 se-

375 1126 511 1173 natu
534 1119 650 1172 sine
674 1120 967 1188 interprete
996 1121 1247 1174 auditum
1272 1127 1505 1175 constat.
1581 1124 1762 1188 Quem
1797 1125 2064 1178 honorem
2088 1142 2198 1179 non

374 1204 645 1257 immerito
670 1205 839 1272 cepit,
863 1205 1124 1272 quoniam
1150 1221 1424 1258 summam
1465 1208 1578 1260 vim
1617 1208 1890 1262 Romanae
1931 1211 2196 1278 eloquen-

421 1362 450 1397 s
472 1363 617 1414 Quare,
640 1363 689 1403 C.
708 1364 836 1414 Mari,
864 1376 975 1404 nemo
993 1369 1032 1406 te
1046 1365 1158 1406 debet
1185 1367 1370 1407 damnare
1397 1367 1657 1416 rusticitatis‚·
1685 1370 1784 1420 quod
1811 1369 1854 1409 in
1886 1373 1956 1408 tua
1985 1372 2196 1418 senectute,

373 1427 462 1455 cum
479 1428 577 1456 esses
593 1422 799 1457 coronatus
815 1419 962 1469 duplici
979 1419 1102 1470 lauro,
1129 1423 1170 1458 et
1187 1420 1407 1469 insignibus
1425 1423 1586 1472 tropoeis
1609 1422 1652 1461 in
1674 1423 1864 1462 Numidia
1890 1426 2024 1462 contra
2041 1423 2196 1472 ,Iugur-

370 1470 496 1519 tham,
520 1474 559 1510 et
577 1470 621 1510 in
639 1471 761 1510 Italia
779 1476 914 1512 contra
934 1472 1110 1512 Cimbros
1131 1472 1347 1513 Germanos
1362 1474 1514 1524 relatis,
1539 1476 1709 1514 uolueris
1737 1476 1863 1516 victor
1884 1475 2037 1515 Graecoe
2063 1475 2196 1524 gentis

371 1523 538 1563 devictae
555 1525 772 1575 eloquentia
777 1525 877 1577 fieri
889 1525 1079 1576 politior:
1106 1528 1221 1566 credo
1239 1538 1286 1565 ne
1303 1527 1492 1567 videreris
1510 1530 1684 1568 desertor
1698 1528 1844 1579 linguoe
1863 1529 2053 1568 Romana·
2082 1540 2194 1568 exer-

372 1578 492 1615 cendo
512 1581 621 1616 tuum
639 1578 840 1628 ingenium
856 1578 900 1617 iu
915 1579 1050 1619 alienis
1067 1578 1214 1628 linguis
1231 1580 1433 1621 discendis.
1491 1582 1593 1626 Quis
1611 1593 1705 1631 ergo
1727 1582 1831 1630 fecit
1858 1581 2010 1622 aditum
2037 1593 2194 1621 consue-

371 1630 506 1669 tudini
523 1630 648 1726 ngstrg
665 1630 861 1683 temporis,
887 1644 962 1684 qua
990 1644 1106 1673 aures
1123 1632 1357 1672 Senatorum
1383 1634 1428 1674 in
1461 1634 1584 1674 Curia
1615 1634 1879 1676 obtunduntur
1908 1647 2010 1675 nunc
2040 1634 2196 1675 Graecis

374 1683 544 1722 orationi
570 1695 614 1723 us

1138 1750 1235 1766 ‘OOC
1240 1751 1433 1766 O‘OOO‘OO

375 1856 386 1868 .
407 1856 417 1867 .
437 1857 447 1869 .
466 1829 615 1868 domari
631 1830 733 1871 Vet.
755 1835 799 1870 et
815 1829 875 1870 sic
895 1830 1031 1871 edidit
1047 1831 1247 1883 Pighius:
1276 1833 1467 1874 suavitati
1498 1834 1635 1874 donari
1656 1834 1881 1885 Mog.—10
1909 1832 2088 1885 Pighius
2108 1844 2196 1879 *ex-

372 1882 529 1932 punxit
545 1882 721 1932 crimine,
752 1884 893 1935 quiaa
913 1885 1074 1926 Cauch.
1094 1885 1244 1927 abesse
1274 1886 1469 1935 viderat;
1501 1887 1576 1927 sed
1611 1887 1655 1926 id
1689 1891 1906 1927 testantur
1937 1893 2122 1939 quatuor
2147 1893 2195 1926 et

374 1934 528 1985 viginti
547 1935 673 1975 codd.
691 1937 871 1977 Torren.
890 1937 1023 1978 Basil.
1044 1939 1207 1980 Brand.
1229 1943 1267 1980 1.
1288 1943 1328 1979 2.
1350 1945 1394 1979 et
1413 1940 1511 1982 edd.
1532 1945 1639 1980 vett.
1661 1952 1821 1980 omnes.
1877 1939 1929 1979 111
1963 1939 2194 1991 compluri-

373 1987 452 2027 bus
472 1987 597 2027 codd.
629 1990 721 2040 quia
746 1990 906 2039 gemina
934 1993 1072 2040 lauro,·
1099 1997 1145 2032 et
1175 1993 1237 2033 sic
1270 1993 1369 2032 edd.
1400 1998 1501 2033 ante
1535 1993 1814 2033 Ascensium:
1843 1993 2000 2045 Ultraj.
2029 1995 2070 2032 2.
2105 1992 2196 2043 quia

368 2040 533 2089 gemina
550 2042 677 2082 lauru.
731 2043 838 2083 Mox
871 2045 980 2084 Exc.
1012 2044 1129 2085 Gud.
1162 2045 1289 2085 victor
1321 2045 1461 2085 tribuit
1482 2047 1693 2086 Germanis
1711 2047 2064 2094 facundiam—ll
2095 2046 2196 2086 Vet.

368 2093 530 2134 habet:
553 2095 680 2145 patrii
697 2095 800 2135 ritus
817 2100 855 2136 et
873 2097 1049 2147 lingum:
1074 2104 1120 2137 et
1139 2098 1260 2138 sicin
1279 2110 1363 2138 uno
1383 2099 1546 2138 Brand.
1575 2099 1689 2139 unde
1715 2099 1912 2151 Lipsius:
1939 2097 2066 2150 patrii
2091 2099 2196 2148 ritus

371 2150 412 2185 ct
430 2147 577 2196 lingua·
593 2160 701 2188 serus
719 2149 942 2200 transfuga.
998 2150 1052 2190 Ῑ11
1071 2152 1178 2191 Exc.
1200 2151 1314 2193 Gud.
1327 2152 1554 2204 legebatur
1572 2166 1583 2192 :
1611 2153 1624 2174 ⁶
1639 2153 1770 2192 Forte
1784 2153 1917 2203 legas,
1942 2163 2050 2192 serus
2067 2155 2198 2192 tram-

363 2198 499 2249 suga.'
554 2200 717 2241 Omnes
733 2203 987 2243 Torreniani
1005 2203 1181 2253 habent,
1199 2218 1332 2245 servus
1346 2218 1363 2252 ,-
1391 2218 1467 2245 sex
1492 2205 1699 2257 ejusdem,
1725 2206 1941 2246 existeret.-
1966 2205 2128 2256 Ultraj.
2154 2209 2194 2245 1.

366 2252 526 2303 patrius
543 2254 647 2294 ritus
661 2266 793 2294 servus
809 2260 850 2295 et
868 2256 1078 2307 transfuga
1107 2259 1323 2298 existeret:
1351 2259 1471 2310 Mog.
1505 2265 1551 2298 et
1581 2259 1760 2298 Mediol.
1783 2261 1822 2299 3.
1856 2258 1986 2299 etiam
2013 2258 2192 2308 habent,

371 2317 505 2347 servus
535 2312 575 2347 et
606 2307 828 2358 transfuga.
882 2310 987 2350 Mox
1025 2322 1104 2362 pro
1137 2313 1414 2363 exsurdantur,
1440 2313 1468 2352 i.
1492 2323 1530 2352 6.
1563 2311 1876 2363 obtunduntur,
1902 2311 2003 2351 Vet.
2040 2310 2194 2351 vitiose

1197 2416 1372 2458 NOTAE

421 2492 437 2527 1
466 2494 633 2534 Gemina
649 2495 776 2548 lauro]
801 2495 914 2538 Quia
933 2495 1244 2548 triumphantes
1313 2497 1564 2548 orationem,
1585 2510 1610 2537 a
1626 2497 1901 2550 Chrysogono
1919 2497 2046 2547 Syllae
2066 2495 2194 2536 liber-

370 2556 493 2596 lauro
523 2558 719 2598 coronati
749 2558 794 2598 in
824 2558 1085 2610 Capitolium
1119 2560 1244 2599 vehe-
1310 2563 1375 2609 to,
1396 2571 1522 2611 quem
1540 2560 1874 2610 perstrinxerat,
1891 2571 1989 2599 cum
2007 2556 2191 2599 sibime-

369 2618 543 2659 bantur.

424 2679 445 2708 Β
472 2681 694 2722 Numidicis
719 2686 759 2723 et
785 2683 1051 2736 Germanicis]
1081 2685 1244 2726 Marius

371 2743 483 2784 enim
501 2749 547 2784 61
565 2745 819 2796 Jugurtham
837 2747 1051 2788 Numidiae
1066 2748 1244 2800 Regem,

371 2812 418 2848 et
448 2807 644 2848 Cimbros
672 2809 978 2863 Teutonasque
1002 2811 1244 2853 Germaniae

370 2871 552 2923 populos
571 2871 751 2922 vicerat,
771 2873 826 2912 de
845 2873 998 2925 quibus
1019 2879 1185 2926 postea.

430 2931 442 2958 ¹
461 2932 604 2974 Servus
621 2934 850 2987 transfuga]
870 2937 1076 2977 Nonnulli
1095 2938 1244 2988 legunt

368 3007 479 3035 serus
511 2996 735 3047 transfuga.
798 2998 899 3037 Non
935 3000 1069 3039 male:
1111 3011 1243 3039 senex

369 3058 486 3098 enim
521 3070 619 3098 cum
660 3062 777 3099 esset
810 3059 991 3112 Marius,
1043 3061 1242 3101 Graecam

367 3119 558 3172 linguam
594 3119 758 3160 discere
792 3121 944 3172 noluit,
971 3133 1026 3160 ne
1062 3126 1243 3162 externa

369 3183 529 3235 lingua,
555 3184 672 3223 velut
703 3183 955 3237 transfugio,
982 3196 1109 3226 canos
1146 3197 1242 3225 suos

369 3245 663 3287 dedecoraret.

421 3315 453 3336 Β
479 3309 588 3349 Molo
607 3309 777 3360 Rhetor]
806 3309 905 3350 Non
937 3309 1138 3361 Molonis,
1166 3310 1243 3350 sed

370 3370 607 3422 Apollonii,
629 3371 700 3424 qui
718 3371 905 3411 Molonis
923 3371 1034 3411 filius
1052 3370 1150 3424 fuit,
1171 3385 1243 3412 au-

369 3431 485 3472 ditor
504 3434 670 3485 Cicero,
700 3435 735 3473 si
764 3434 997 3475 Plutarcho
1014 3435 1241 3475 credimus.

371 3494 481 3536 Post
518 3495 706 3537 habitam
737 3508 818 3548 pro
850 3496 1008 3538 Roscio
1038 3496 1243 3539 Amerino

1312 2624 1456 2660 tueret
1477 2620 1655 2671 Cicer03
1686 2621 1867 2673 primum
1887 2619 2096 2672 Athenas,
2115 2613 2192 2660 de-

1312 2682 1412 2723 inde
1432 2683 1476 2722 in
1495 2682 1660 2735 Asiam,
1681 2689 1773 2724 tum
1792 2684 1836 2723 in
1857 2683 2056 2724 Rhodum
2074 2683 2190 2723 insu-

1312 2745 1398 2785 lam
1422 2746 1629 2786 secessit:
1659 2745 1745 2798 ubi,
1763 2758 1858 2786 cum
1879 2745 1993 2798 apud
2013 2744 2194 2797 Apollo·

1311 2808 1429 2847 nium
1467 2808 1624 2849 Graece
1662 2808 1940 2859 declamaret,
1985 2808 2190 2860 illumque

1311 2884 1457 2912 omnes
1493 2872 1686 2912 maximis
1723 2871 1930 2912 efferrent
1964 2870 2190 2921 laudibus3

1307 2932 1422 2974 fama
1439 2940 1508 2974 est
1524 2933 1798 2986 Apollonium
1817 2933 1890 2973 diu
1909 2932 2072 2973 sedisse
2090 2932 2187 2973 sub-

1308 2996 1502 3046 tristem3
1521 3001 1611 3036 tum
1630 3008 1776 3037 coram
1793 2995 1988 3037 omnibus
2005 2995 2188 3035 dixisset
2243 2997 2246 3000 ’

1309 3060 1322 3082 ‘
1341 3060 1400 3098 Te
1419 3059 1589 3110 quidem
1608 3059 1733 3099 laudo
1760 3064 1806 3099 et
1830 3058 1976 3109 miror,
2003 3057 2185 3107 Cicer-03

1310 3121 1386 3162 sed
1404 3122 1586 3163 Graeciae
1619 3133 1689 3162 me
1720 3121 1920 3172 miseret;
1947 3131 2059 3171 cum,
2088 3130 2185 3171 qnae

1310 3186 1401 3226 sola
1429 3185 1552 3225 nobis
1585 3186 1751 3236 reliqua
1778 3189 1901 3224 erant
1918 3187 2188 3234 ornamenta,

1309 3260 1361 3288 ea
1379 3259 1548 3300 quoque
1583 3248 1636 3287 ad
1665 3249 1875 3287 Romanos
1902 3245 2187 3297 transtuleris,

1308 3310 1455 3349 literas
1488 3315 1535 3350 et
1569 3307 1891 3362 eloquentiam.'
1946 3308 2044 3349 Qua
2080 3318 2185 3348 voce

1308 3371 1514 3411 incitatus
1535 3371 1688 3411 Cicero
1707 3372 1750 3410 in
1770 3370 1940 3411 Italiam
1960 3370 2015 3410 ad
2036 3381 2184 3422 capes-

1310 3433 1486 3473 sendam
1529 3433 1852 3484 Rempublicam
1879 3433 2041 3489 ⁴rediit.
2111 3432 2184 3474 lta

1310 3497 1428 3538 Plut.
1449 3497 1491 3537 in
1513 3497 1736 3538 Cicerone.
