2346 3952
663 282 974 324 GEN'I'IBUS

1017 282 1093 320 ET
1135 280 1434 321 FAMILIIS.

1900 265 1971 317 41.

454 502 690 566 GENS
758 499 1162 563 CLAUDIA
1231 494 1649 560 PLEBEIA.

187 631 310 672 Huic
344 631 480 674 Genti
511 634 624 674 haud
656 633 870 673 immerito
899 633 1015 672 Mar-

133 695 234 736 celli
255 708 494 748 cognomen
525 698 643 751 quasi
662 697 812 738 Martii
827 696 1012 736 inditum

132 763 224 799 est:
268 760 394 800 laude
412 762 524 801 enim
548 761 702 800 bellica
734 760 917 800 maxime
937 757 1012 799 flo-

132 820 232 862 ruit.
288 834 322 863 1.
348 824 412 864 Μ.
432 824 633 864 Claudius
647 825 883 864 Marcellus
903 823 1013 863 Con-

131 885 198 924 sul
218 897 329 926 anno
347 889 444 930 422.
464 891 510 926 et
538 887 760 939 aliquanto
793 891 892 938 post
911 886 1010 926 Dic-

130 952 265 1001 tator,
285 954 410 1000 pater
422 948 504 990 fuit
531 962 581 991 11.
600 951 665 991 Μ.
686 950 884 990 Marcelli
902 950 1014 989 Con·

131 1010 237 1051 sulis
276 1024 386 1053 anno
423 1015 520 1054 466.
564 1025 637 1055 ιιι.
670 1014 794 1067 cujus
832 1026 887 1053 ex
925 1012 1013 1054 filio

129 1074 279 1116 Marco
297 1074 430 1117 AEdili
451 1089 587 1130 nepos
619 1075 719 1130 fuit,
754 1090 817 1119 1v.
839 1079 1013 1118 Marcus

126 1137 199 1179 ille
214 1139 461 1192 Marcellus,
482 1141 558 1194 qui
576 1142 874 1183 Consulatibus
894 1142 1014 1195 quin-

126 1213 211 1254 que
239 1203 362 1244 annis
381 1207 476 1245 531.
506 1208 601 1245 538.
621 1209 713 1246 539.
730 1208 825 1246 543.
848 1211 894 1245 et
913 1208 1008 1246 545.

127 1277 240 1306 caeso
253 1267 514 1308 Virdumaro
530 1269 752 1309 Gallorum
768 1270 905 1321 Rege,
919 1269 1010 1321 opi·

125 1329 206 1369 mis
224 1330 370 1382 spoliis
388 1331 490 1373 Jovi
505 1332 702 1373 Feretrio
721 1333 1007 1383 consecratis;

127 1393 183 1432 de
216 1393 358 1434 Gallis
401 1394 658 1436 Insubribus
694 1401 739 1437 et
778 1396 1009 1437 Germanis

124 1456 357 1510 triumpho,
392 1457 488 1500 fuso
515 1461 647 1500 semel
685 1467 814 1513 atque
852 1460 1008 1500 iterum

125 1518 179 1559 ad
200 1519 358 1560 Nolam
388 1520 616 1573 Annibale,
643 1524 785 1575 captis
817 1530 915 1577 post
934 1523 1009 1564 tri-

124 1585 320 1625 ennalem
367 1587 636 1628 obsidionem
685 1589 924 1641 Syracusis,
962 1595 1008 1630 et

122 1648 334 1700 maiorum
353 1655 399 1691 et
417 1658 623 1704 nepotum
658 1653 842 1703 gloriam
876 1654 1002 1706 longe

124 1713 373 1765 superavit:
421 1714 677 1755 Annibalem
697 1717 810 1756 enim
839 1717 1003 1769 primus

122 1775 237 1816 vinci
255 1788 380 1828 posse
411 1777 582 1829 docuit;
624 1791 805 1832 eamque
833 1781 1003 1821 laudem

121 1844 340 1880 assecutus
355 1847 438 1894 est,
464 1848 520 1882 ur
544 1844 691 1895 populi
711 1844 894 1885 Romani
914 1846 1003 1897 gla-

121 1901 218 1942 dius
240 1904 365 1956 vulgo
383 1904 618 1945 diceretur.
666 1905 892 1947 Annibalis
914 1914 1007 1948 tan-

121 1967 220 2007 dem
254 1968 424 2008 insidiis
457 1969 667 2022 deceptus
701 1972 919 2013 occubuit.
963 1985 1008 2013 v.

118 2031 211 2084 Ipsi
249 2032 332 2072 duo
365 2031 444 2073 filii
478 2035 571 2074 nati
602 2040 717 2087 sunt,
751 2036 929 2077 Marcus
963 2042 1008 2077 et

121 2094 251 2134 Caius
272 2095 487 2140 Marcelli,
513 2097 705 2136 Tertium
719 2097 885 2139 addunt
903 2111 1005 2139 non-

119 2157 241 2208 nulli,
269 2158 334 2199 M.
355 2159 605 2198 Marcellum
628 2159 855 2200 Consulem
894 2173 1004 2202 anno

119 2223 213 2261 570.
267 2221 336 2261 Ex
370 2221 474 2262 Caio
504 2223 732 2274 propagati
765 2227 866 2263 sunt
885 2224 1003 2264 Mar-

120 2283 221 2324 celli
248 2284 480 2335 AEserniui,
498 2297 522 2324 e
551 2285 702 2337 quibus
729 2286 814 2326 duo
834 2292 1002 2328 tantum

120 2348 326 2389 Consules
359 2354 653 2389 numerantur.
707 2350 762 2390 P.
790 2351 1000 2392 Lentulus

118 2414 398 2455 Marcellinus
433 2426 542 2455 anno
575 2418 670 2456 735.
700 2420 747 2456 et
771 2417 836 2456 M.
858 2418 1000 2457 AEser-

118 2479 242 2520 ninus
262 2483 357 2521 731.

173 2553 219 2582 v.
260 2544 324 2584 M.
360 2544 597 2585 Marcellus
643 2546 844 2587 Marcelli
881 2548 1002 2601 quin-

119 2606 239 2660 quies
259 2608 454 2650 Consulis
481 2609 594 2651 filius
619 2615 721 2651 natu
753 2612 923 2664 major;
959 2616 1002 2652 et

1086 631 1180 682 ipse
1214 630 1451 671 Consulatu
1480 639 1591 668 anno
1619 628 1714 666 557.
1749 622 1804 663 de
1836 621 1972 663 Gallis

1084 695 1339 735 Insubribus
1361 691 1594 745 triumpho,
1621 686 1904 736 pontificatu,
1924 691 1972 725 et

1084 758 1279 798 Censura
1320 757 1493 806 nobilis,
1538 754 1672 794 filium
1718 750 1869 791 habuit
1903 760 1971 789 vr.

1083 822 1280 862 Marcum
1321 827 1389 861 ter
1436 819 1665 862 Consulem
1709 815 1829 857 annis
1872 817 1968 854 587.

1082 889 1178 926 598.
1212 891 1256 925 et
1289 888 1384 925 601.
1420 883 1667 935 duplicique
1700 880 1863 936 clarum
1897 878 1969 918 tri-

1084 950 1258 1003 umpho,
1287 950 1358 1002 qui
1396 950 1495 999 sibi,
1529 949 1658 1002 patri,
1692 959 1771 987 avo
1803 949 1970 986 statuas

1083 1015 1242 1067 posuit,
1281 1014 1432 1067 quibus
1480 1013 1751 1064 inscripsisse
1797 1009 1968 1050 fertur:

1082 1079 1095 1101 ‘
1118 1078 1177 1118 Hi
1211 1078 1411 1118 Marcelli
1435 1077 1582 1117 novies
1611 1072 1852 1116 Consules!
1882 1083 1969 1112 VH.

1081 1141 1187 1193 Ejus
1212 1140 1300 1181 filio
1327 1142 1479 1181 Marco
1509 1139 1722 1180 Praetorio
1755 1138 1840 1178 duo
1876 1135 1969 1177 fue-

1080 1209 1183 1244 runt
1202 1204 1324 1244 liberi
1344 1205 1518 1244 Marcus
1540 1210 1585 1243 et
1601 1203 1745 1254 Caius,
1762 1201 1834 1254 qui
1851 1200 1969 1240 Prae-

1079 1268 1214 1309 torius
1234 1281 1288 1308 ex
1307 1269 1440 1310 Junia
1468 1274 1593 1320 pater
1622 1267 1707 1307 fuit
1740 1266 1969 1307 CaiiMar-

1079 1332 1179 1371 celli
1221 1333 1420 1372 Consulis
1462 1344 1574 1372 anno
1607 1334 1702 1371 703.
1742 1330 1796 1370 ad
1839 1332 1966 1382 quem

1078 1394 1290 1447 Epistolae
1317 1395 1537 1436 Ciceronis
1571 1394 1644 1435 lib.
1677 1405 1758 1434 xv.
1788 1394 1966 1433 Marcus

1081 1459 1298 1500 AEdilitius
1326 1460 1476 1511 genuit
1509 1460 1708 1499 Marcum
1739 1462 1784 1498 et
1803 1457 1968 1510 Caium,

1079 1535 1258 1576 quorum
1294 1530 1477 1578 uterque
1512 1523 1702 1574 Consul;
1744 1522 1816 1562 ille
1855 1534 1967 1562 anno

1077 1589 1173 1626 702.
1202 1586 1272 1627 hic
1292 1591 1386 1628 704.
1432 1588 1609 1627 Marcus
1646 1587 1700 1627 de
1721 1585 1966 1626 Provinciis

1077 1651 1126 1691 C.
1151 1651 1314 1691 Caesari
1346 1651 1547 1691 tollendis
1567 1663 1662 1692 cum
1683 1649 1734 1690 ad
1755 1650 1964 1690 Senatum

1076 1714 1237 1766 primus
1260 1715 1493 1767 retulisset,
1527 1715 1694 1755 veniam
1726 1719 1867 1754 tamen
1902 1714 1964 1753 vi-

1077 1782 1249 1832 tamque
1287 1780 1475 1820 Senatus
1519 1779 1717 1831 precibus
1750 1777 1963 1818 obtinuit:

1077 1855 1211 1895 quare
1231 1844 1407 1894 Caesari,
1428 1855 1524 1884 cum
1543 1855 1634 1891 suo,
1664 1850 1754 1882 tum
1775 1842 1966 1895 Reipub-

1075 1907 1171 1947 licae
1191 1907 1364 1947 nomine
1383 1907 1546 1959 gratias
1576 1907 1670 1959 egit
1698 1907 1852 1948 Cicero
1881 1907 1966 1947 ele·

1077 1970 1199 2021 ganti
1220 1970 1294 2010 illa
1313 1971 1506 2011 oratione
1528 1984 1620 2024 quae
1651 1983 1730 2023 pro
1749 1971 1962 2011 Marcello

1075 2034 1338 2076 inscribitur.
1396 2035 1526 2074 Caius
1557 2047 1661 2075 vero
1694 2047 1750 2074 ex
1779 2033 1964 2074 Octavia

1072 2099 1239 2139 minore
1281 2099 1466 2151 Augusti
1508 2110 1655 2138 sorore
1693 2099 1798 2138 duas
1845 2099 1962 2138 Mar-

1073 2164 1208 2203 cellas
1227 2163 1419 2216 reliquit,
1449 2163 1652 2215 illumque
1686 2163 1962 2215 Marcellum,

1072 2229 1145 2281 qui
1171 2228 1263 2280 jam
1302 2228 1517 2268 AEdilitius
1553 2228 1595 2266 in
1630 2239 1749 2279 spem
1787 2227 1961 2279 imperii

1071 2291 1368 2341 adolescebat,
1414 2303 1512 2331 cum
1558 2291 1788 2330 immatura
1817 2297 1958 2332 morte

1071 2356 1266 2396 sublatus
1312 2359 1392 2395 est.
1463 2355 1773 2394 Marcellarum
1820 2355 1961 2407 major

1069 2421 1252 2472 primum
1282 2420 1348 2459 M.
1368 2418 1599 2471 Agrippae,
1620 2418 1777 2459 deinde
1798 2420 1860 2460 M.
1879 2421 1957 2462 Ju-

1068 2484 1125 2523 lio
1144 2482 1364 2533 Antoni03
1391 2483 1531 2523 minor
1558 2483 1623 2522 M.
1642 2483 1817 2523 Valerio
1839 2484 1957 2524 Mes-

1069 2547 1171 2587 salae
1187 2547 1400 2602 Barbam,
1418 2552 1468 2588 ut
1485 2551 1554 2588 est
1568 2547 1835 2599 conjectura,
1847 2560 1956 2602 nup·

1070 2610 1143 2652 Sit·

637 2798 873 2861 GENS
942 2798 1434 2860 CORNELIA.

168 2938 406 2981 Inmunus
451 2953 532 2995 ego
570 2943 663 2997 sim,
703 2946 738 2986 si
775 2947 995 2987 Cornelios

116 3012 262 3042 omnes
282 3005 480 3055 persequi
511 3006 639 3046 velim
657 3021 668 3047 ι
699 3009 994 3050 Corneliorum

114 3064 226 3105 enim
245 3065 314 3105 vel
333 3065 431 3106 duae
456 3073 624 3120 gentes,
652 3071 722 3110 vel
751 3072 881 3111 etiam
901 3074 994 3124 plu-

114 3139 211 3180 res;
238 3141 294 3169 ex
312 3128 467 3182 quibus
483 3131 551 3170 vel
570 3144 656 3172 una
676 3134 868 3174 Patricia
886 3136 993 3176 adeo

117 3191 201 3232 late
220 3193 376 3244 patuit,
396 3198 444 3233 ut
463 3193 688 3235 duodecim
716 3209 852 3249 prope
872 3197 992 3239 fami-

115 3251 195 3291 lias
208 3258 436 3309 complexa
454 3258 526 3309 sit,
544 3259 874 3313 Maluginenses,
889 3263 992 3302 Cos-

119 3323 204 3364 808,
241 3318 434 3372 Arvinas,
478 3321 722 3374 Scipiones,
764 3324 990 3378 Lentulos,

121 3375 345 3429 Cethegm,
365 3382 520 3434 Rufos,
538 3385 693 3438 Syllas,
713 3386 884 3439 Cinnas,
900 3391 993 3430 Do-

118 3436 312 3479 labellas.
389 3445 450 3486 An
481 3447 692 3499 Sisennae,
730 3450 994 3503 Mammulae,

119 3499 359 3554 Merendoe,
377 3503 576 3564 Merulae,
610 3513 810 3563 Scapulae
837 3525 891 3553 ex
922 3526 994 3554 ea-

1064 2945 1160 2985 dem
1200 2949 1327 2997 gente
1374 2943 1551 2995 fuerint,
1596 2945 1822 2986 obscurum
1867 2947 1948 2983 est.

1064 3010 1101 3049 E
1122 3009 1312 3049 Sisennis
1332 3013 1377 3048 et
1397 3002 1642 3048 Mammulis
1673 3008 1831 3048 Consul
1858 3007 1950 3046 nul·

1063 3074 1142 3123 lus,
1162 3085 1186 3113 e
1209 3073 1430 3113 Merendis
1448 3086 1555 3112 unus
1574 3085 1685 3112 anno
1704 3076 1797 3112 479.
1827 3072 1948 3111 Unus

1062 3138 1193 3177 etiam
1221 3149 1245 3177 e
1282 3137 1479 3188 Scapulis
1513 3149 1625 3176 anno
1645 3139 1738 3174 425.
1795 3135 1831 3172 Ε
1852 3135 1948 3174 Me-

1062 3201 1164 3240 rulis
1182 3200 1283 3251 du0‚
1301 3199 1484 3252 uterque
1502 3199 1674 3248 Lucius,
1697 3197 1807 3235 alter
1834 3209 1947 3237 anno

1060 3267 1154 3303 560.
1174 3265 1285 3303 alter
1315 3267 1408 3304 666.
1463 3263 1566 3302 Fuit
1595 3261 1700 3300 illud
1735 3260 1946 3301 Corneliis

1062 3327 1306 3378 singulare:
1341 3326 1447 3366 illud
1483 3325 1593 3364 enim
1619 3328 1828 3362 annotare
1859 3335 1945 3363 non

1062 3392 1136 3431 abs
1157 3403 1204 3431 re
1222 3390 1368 3440 fuerit,
1388 3400 1471 3429 non
1493 3399 1701 3438 cremare,
1719 3388 1793 3427 sed
1816 3393 1944 3427 terrae

1061 3454 1266 3494 mandare
1297 3458 1502 3493 mortuos.
1572 3451 1742 3490 Primus
1779 3462 1832 3490 ex
1864 3451 1943 3491 hac

1063 3523 1193 3569 gente
1208 3516 1326 3567 Sylla
1347 3515 1554 3556 Dictator
1569 3514 1750 3555 cremari
1769 3514 1916 3554 voluit.
