2242 3958
672 322 983 363 GEN'msz
1025 321 1098 360 ET
1139 311 1438 360 FAMILHS.

133 447 207 487 iile
231 451 383 487 contra
399 443 655 485 Annibalem
673 454 762 482 rem
790 441 898 481 bene
918 451 1010 491 ges-

133 511 252 560 serit,
282 515 328 550 et
355 510 516 550 Censor
538 507 683 558 fuerit,
723 505 792 544 hic
822 515 922 542 vero
956 502 1010 541 de

135 573 293 613 Histris
309 571 597 622 triumpharit.

190 638 228 677 E
241 637 397 687 Longis
417 635 501 675 duo
519 632 683 674 Tiberii
704 629 949 682 Scipionum
964 628 1006 667 in

136 701 373 742 Consulatu
392 701 567 750 collegae
587 697 786 737 fuerunt:
808 693 917 732 alter
936 704 1006 730 an-

136 775 192 805 no
205 767 299 804 535.
318 764 370 804 P.
386 761 608 814 Scipionis,
634 759 708 812 qui
727 758 768 797 in
799 755 1008 807 Hispania

1878 309 1950 360 67

1080 438 1236 490 periit3
1267 437 1376 477 alter
1394 446 1504 475 anno
1525 438 1618 474 559.
1646 433 1839 474 Africani
1858 436 1952 476 Ma-

1070 501 1208 552 joris:
1238 501 1310 539 iile
1331 511 1415 539 una
1446 511 1540 538 cum
1563 498 1728 549 collega
1758 498 1862 539 fusis
1896 501 1951 539 ad

1077 564 1316 616 Lilybaeum
1335 562 1527 602 hostibus
1550 562 1749 601 Melitam
1780 565 1838 602 eis
1872 564 1952 602 eri-

1075 627 1195 678 puit:
1227 625 1303 665 sed
1323 626 1450 677 paulo
1482 630 1581 677 post
1595 625 1647 665 ad
1667 626 1866 666 Trebiam
1901 628 1953 666 ab

1075 690 1287 730 Annibale
1310 690 1448 730 victus
1468 694 1549 730 est.

605 911 1057 968 SEMPRONII
1104 910 1490 964 GRACCHI.

184 1044 474 1084 sturnorum
505 1040 698 1082 omnibus
735 1051 874 1079 rerum
917 1050 1009 1091 ges-

137 1112 274 1147 tarum
295 1105 429 1158 gloria
457 1105 645 1145 Gracchi
678 1105 806 1155 longe
840 1103 1008 1155 praesti·

134 1175 294 1211 terunt.
357 1169 514 1210 Eorum
561 1169 762 1220 princeps
807 1166 1008 1207 Tiberius

134 1233 292 1275 Consul
329 1244 439 1272 anno
469 1235 564 1272 515.
599 1230 734 1271 filium
770 1230 918 1271 habuit
954 1241 1006 1270 11.

133 1294 348 1335 Tiberium
367 1294 432 1334 bis
454 1293 678 1334 Consulem
698 1306 711 1343 ;
739 1294 870 1333 semel
896 1304 1007 1332 anno

132 1362 228 1399 ⁵88.
247 1358 403 1399 iterum
421 1361 516 1399 540.
531 1373 544 1408 3
562 1359 633 1411 qui
650 1364 802 1399 contra
819 1357 1008 1398 Anniba-

131 1420 340 1471 lem,dum
349 1433 437 1461 rem
450 1421 637 1461 feliciter
653 1426 842 1472 gereret,
857 1419 1007 1459 fraude

135 1483 297 1524 Lucani
337 1483 521 1537 hospitis
557 1483 610 1524 ab
642 1483 834 1524 hostibus
873 1494 1009 1522 caesus

133 1551 226 1586 est:
265 1556 339 1589 ιιι.
376 1546 498 1598 cujus
528 1545 639 1585 filius
673 1545 867 1585 Tiberius
902 1544 1009 1584 duos

135 1610 387 1650 Consulatus
419 1621 529 1650 anno
548 1613 644 1650 566.
672 1615 715 1650 et
744 1612 839 1650 571.
859 1621 1009 1649 censu-

134 1683 307 1725 ramque
328 1672 478 1724 gessit,
498 1673 603 1712 duos
634 1673 724 1724 egit
745 1672 1008 1723 triumphos;

134 1737 315 1788 primum
336 1736 390 1776 de
417 1736 642 1776 Celtiberis
673 1736 871 1785 Praetor;
902 1736 1008 1776 alte-

135 1811 228 1839 rum
257 1799 415 1840 Consul
443 1798 498 1838 de
524 1799 698 1849 Sardis3
725 1798 791 1838 vir
811 1803 900 1838 tum
920 1798 1007 1837 vic-

134 1861 255 1902 toriis
281 1865 371 1901 tum
399 1861 627 1902 virtutibus
647 1862 787 1902 aetatis
805 1873 892 1900 suae
918 1861 1006 1900 cla-

132 1924 339 1965 rissimus.
394 1925 461 1966 Ex
477 1925 678 1966 Cornelia
696 1924 891 1965 Africani
912 1924 1007 1964 Ma-

123 1987 234 2040 joris
247 1987 335 2028 filia
347 1987 454 2028 duos
467 2000 607 2028 mares
619 1988 838 2028 Tiberium
854 1993 899 2028 et
913 1987 1011 2027 Cai-

133 2062 205 2091 um
238 2053 445 2104 suscepit,
481 2052 748 2104 totidemque
780 2051 1008 2101 foeminas;

136 2127 312 2167 quorum
339 2116 476 2156 altera
494 2116 549 2156 P.
566 2116 759 2168 Scipioni
785 2116 1008 2156 AEmiliano

135 2179 294 2231 nupsit.
482 2231 484 2233 ,

186 2253 250 2283 nr.
276 2241 454 2283 Tiberio
472 2247 518 2282 et
549 2241 652 2282 Caio
685 2242 895 2282 Gracchis
931 2253 1007 2294 par

132 2316 266 2356 prope
293 2305 525 2356 ingenium,
543 2316 621 2356 par
639 2305 897 2358 eloquentia,
925 2305 1007 2344 alia

133 2373 276 2407 tamen
295 2367 384 2407 alii:
404 2366 535 2407 iidem
551 2368 731 2408 honores
751 2366 912 2417 delati;
934 2379 1004 2407 ea-

133 2431 232 2471 dem
250 2431 470 2484 utriusque
490 2432 683 2483 consilia,
697 2431 896 2484 idemque
916 2432 1006 2472 exi·

131 2497 200 2534 tus
219 2491 318 2536 fuit.
358 2494 470 2535 Nam
488 2499 668 2548 uterque
688 2500 879 2547 quaestor
897 2496 1007 2536 Con-

134 2558 294 2608 sulum3
320 2558 517 2599 Tiberius
545 2559 739 2600 Mancini
770 2561 814 2599 in
850 2560 1006 2613 Hispa-

134 2621 223 2672 nia,
242 2620 370 2661 Caius
399 2620 565 2662 Aurelii
598 2622 770 2663 Orestis
802 2623 844 2662 in
865 2623 1006 2663 Sardi-

134 2683 238 2724 nia:
271 2689 454 2736 uterque
485 2684 695 2725 Tribunus
725 2685 863 2737 plebis
895 2687 1012 2738 leges

133 2744 335 2799 Agrarias
360 2752 513 2788 contra
537 2748 721 2788 Senatus
748 2748 1012 2791 voluntatem

133 2810 437 2863 promulgavit,
461 2823 594 2864 quare
623 2817 807 2864 uterque
827 2824 852 2851 a
873 2812 1013 2851 Patri-

134 2871 231 2924 bus,
261 2874 461 2914 Tiberius
496 2887 521 2914 a
548 2874 750 2927 Scipione
783 2875 940 2916 Nasica
968 2876 1013 2915 in

138 2934 350 2987 Capitolio
366 2949 477 2977 anno
491 2941 585 2978 620.
606 2938 737 2978 Caius
753 2938 806 2979 ab
835 2938 1011 2990 Opimio

139 2997 321 3038 Consule
353 2998 396 3039 in
425 2998 638 3041 Aventino
671 3013 782 3041 anno
809 3005 905 3042 632.
937 3014 1011 3054 op-

138 3072 310 3112 pressus
323 3067 404 3103 est.

191 3123 358 3166 Horum
374 3124 555 3167 fratrum
574 3132 773 3168 naturam
787 3140 1010 3179 expresse·

139 3193 255 3240 runt,
272 3194 362 3231 tum
386 3189 577 3231 Velleius
608 3189 683 3232 lib.
713 3202 769 3231 11.
798 3197 888 3232 tum
908 3191 1007 3232 Plu-

1081 1037 1268 1077 tarchus.
1324 1038 1407 1076 Ita-
1433 1037 1486 1076 de
1532 1037 1703 1078 Tiberio
1742 1036 1955 1077 Velleius:

1078 1103 1090 1124 ‘
1109 1102 1187 1140 Vir
1201 1101 1357 1154 alioqui
1381 1102 1467 1140 vita
1490 1101 1876 1151 innocentissimus,
1895 1101 1957 1141 in-

1078 1165 1204 1215 genio
1225 1162 1563 1217 florentissimus,
1592 1165 1812 1217 proposito
1834 1177 1958 1204 sanc-

1077 1228 1292 1277 tissimus3
1325 1229 1453 1268 tantis
1490 1227 1675 1281 denique
1722 1228 1957 1267 adornatus

1077 1291 1320 1341 virtutibus,
1338 1297 1519 1344 quantas
1530 1291 1726 1343 perfecta
1746 1298 1791 1331 et
1806 1298 1961 1332 natura

1075 1358 1120 1392 et
1136 1353 1552 1394 industria-mortalis
1567 1355 1756 1395 conditio
1771 1354 1960 1407 recipit.’

1075 1415 1188 1455 Haec
1223 1416 1277 1456 de
1294 1416 1400 1457 Caio
1423 1431 1433 1456 2
1474 1418 1486 1440 ‘
1508 1418 1593 1459 Qui
1612 1419 1680 1458 Ti.
1702 1418 1963 1469 Gracchum,

1075 1478 1188 1518 idem
1209 1479 1357 1519 Caium
1389 1480 1571 1520 fratrem
1602 1482 1695 1533 ejus
1730 1483 1964 1534 occupavit

1077 1540 1214 1594 furor,
1241 1548 1328 1583 tam
1366 1544 1600 1584 virtutibus
1630 1546 1720 1596 ejus
1745 1547 1957 1596 omnibus,

1078 1617 1202 1656 quam
1238 1606 1337 1646 huic
1369 1608 1504 1647 errori
1537 1608 1746 1657 similem3
1786 1609 1960 1661 ingenio

1078 1670 1206 1708 etiam
1245 1671 1574 1723 eloquentiaque
1607 1673 1733 1723 longe
1771 1675 1961 1725 superio-

1078 1734 1199 1774 rem?
1254 1736 1325 1775 De
1364 1742 1548 1789 utroque
1579 1737 1842 1777 Plutarchus
1866 1738 1960 1779 haec

1076 1797 1234 1838 habet:
1282 1800 1447 1839 ‘Vultu
1484 1805 1530 1840 et
1569 1801 1727 1842 obtutu
1774 1801 1959 1842 blandus

1076 1867 1185 1912 erat,
1223 1868 1269 1903 et
1304 1865 1563 1916 compositus
1601 1865 1829 1914 Tiberius3
1859 1877 1960 1908 acer

1076 1924 1221 1975 Caius,
1251 1931 1296 1965 et
1315 1927 1557 1968 vehemens.
1614 1929 1772 1981 Itaque
1794 1929 1837 1968 in
1857 1941 1959 1968 con-

1076 1987 1286 2028 cionando
1306 1989 1379 2029 ille
1397 1990 1592 2031 modeste
1610 2003 1694 2032 non
1727 2004 1775 2032 se
1812 2005 1958 2032 move-

1078 2051 1154 2091 bat
1181 2052 1307 2102 loco;
1337 2054 1405 2093 hic
1445 2055 1608 2107 primus
1639 2057 1787 2096 Romae
1815 2057 1957 2096 deam-

1076 2116 1241 2157 bulavit
1259 2119 1373 2158 inter
1388 2119 1633 2170 dicendum,
1660 2125 1707 2159 et
1726 2127 1869 2172 togam
1901 2131 1957 2161 ex

1072 2182 1248 2221 humero
1262 2181 1437 2221 divulsit
1456 2210 1466 2222 .
1488 2211 1498 2222 .
1521 2210 1531 2221 .
1553 2182 1709 2222 deinde
1720 2183 1859 2223 oratio
1874 2181 1957 2222 ful-

1073 2244 1254 2296 minans,
1294 2250 1340 2285 et
1385 2250 1648 2297 exaggerata
1694 2244 1953 2289 affectibus:

1073 2307 1241 2348 dulcior
1258 2308 1422 2348 Tiberii
1440 2310 1659 2361 magisque
1681 2310 1955 2350 commisera-

1075 2371 1235 2411 tionem
1259 2383 1461 2412 movens:
1491 2372 1683 2412 dictione
1718 2385 1824 2424 pura
1840 2373 1954 2424 haec,

1074 2435 1433 2488 atqueexquisite
1453 2436 1688 2487 elaborata,
1699 2436 1793 2476 Caii
1820 2435 1954 2476 artifi-

1076 2499 1190 2539 ciosa
1218 2505 1264 2538 et
1294 2499 1547 2551 splendida:
1595 2500 1691 2552 pari
1735 2500 1864 2540 modo
1911 2500 1957 2539 in

1077 2562 1193 2602 victu
1228 2569 1275 2603 et
1306 2574 1453 2603 mensa
1484 2561 1662 2614 frugalis
1694 2570 1739 2603 et
1775 2564 1958 2616 simplex

1077 2626 1299 2678 Tiberius3
1341 2627 1485 2678 Caius,
1529 2627 1565 2667 si
1598 2640 1693 2668 cum
1732 2629 1825 2668 aliis
1859 2640 1958 2669 eum

1080 2689 1333 2742 contendas,
1367 2690 1592 2731 restrictus
1624 2698 1668 2731 et
1698 2693 1960 2740 continens3

1080 2752 1115 2791 si
1136 2764 1233 2792 cum
1255 2751 1409 2804 fratre,
1438 2754 1612 2805 grandis
1630 2760 1675 2796 et
1696 2755 1961 2808 exquisitus:

1079 2826 1220 2854 mores
1254 2816 1574 2869 respondebant
1611 2818 1807 2868 orationi,
1838 2830 1963 2871 supe·

1081 2876 1170 2916 rior
1187 2877 1295 2917 lenis
1311 2884 1356 2918 et
1375 2879 1585 2931 placidus,
1603 2880 1837 2921 iracundus
1852 2882 1964 2920 alter

1080 2947 1124 2980 et
1145 2939 1318 2982 fervens
1340 2971 1351 2982 .
1369 2971 1379 2983 .
1398 2969 1409 2980 .
1422 2942 1602 2983 audacia
1620 2956 1722 2983 vero
1758 2944 1963 2983 adversus

1078 3005 1240 3056 hostes,
1263 3005 1438 3057 justitia
1471 3006 1674 3046 adversus
1702 3008 1963 3059 populares;

1078 3066 1311 3108 officiorum
1341 3069 1385 3108 in
1417 3069 1663 3109 muneribus
1681 3069 1898 3119 sedulitas,
1917 3074 1962 3107 et

1078 3129 1286 3170 adversus
1322 3132 1566 3183 voluptates
1588 3131 1855 3172 continentia
1884 3142 1965 3183 par=

1076 3193 1121 3233 in
1140 3194 1354 3250 utroque!

679 3359 915 3422 GENS
982 3361 1427 3423 SERVILIA.

192 3471 517 3515 Sznvrmonum
537 3477 607 3516 alii
626 3477 813 3529 Plebeii‚
828 3480 900 3519 alii
932 3480 1014 3521 Pa·

141 3536 252 3578 tricii
271 3549 283 3586 ς
311 3539 437 3579 variis
465 3540 657 3582 distincti
676 3543 1013 3594 cognominibus.

1081 3481 1274 3529 Priscus,
1317 3478 1519 3527 Fidenas,
1552 3475 1706 3527 Ahala,
1738 3476 1958 3527 Structus,

1082 3546 1305 3596 Geminus,
1330 3544 1491 3596 Caepio,
1512 3548 1558 3584 et
1582 3542 1728 3583 Vacia.
1743 3543 1779 3582 Ε
1797 3542 1957 3583 Priscis
