2352 4022
947 301 1215 340 Mlm'rlA.

157 434 262 482 tem,
279 429 434 483 quibus
461 441 594 483 equos
622 431 784 471 aleret:
827 429 1039 470 sociorum

156 493 371 545 equitibus
408 494 612 533 medimni
647 499 803 547 quarta
847 505 945 545 pars
985 506 1038 534 eo

157 556 357 598 detracta
376 563 461 608 est,
488 557 619 610 quod,
648 564 694 598 et
718 557 932 609 dignitate
954 558 1038 597 Ro-

157 619 291 659 manis
310 626 456 661 essent
483 622 700 674 aliquanto
721 618 965 670 inferiores,
994 625 1040 659 et

155 683 380 735 pauciores
418 696 563 725 servos
598 683 832 724 baberent:
881 687 1041 735 praeter

1887 291 1994 343 103

1107 419 1371 461 frumentum
1402 418 1589 460 dabatur
1616 420 1747 461 etiam
1779 422 1858 471 sal,
1877 423 1995 474 legu-

1105 487 1237 536 mina,
1258 491 1304 528 et
1323 497 1423 526 caro
1442 484 1592 525 suilla:
1621 495 1647 524 e
1660 483 1879 536 stipendio
1892 497 1996 525 non-

1106 550 1211 589 nihil
1238 560 1264 589 a
1291 552 1508 601 quaestore
1536 547 1592 588 ad
1620 554 1767 589 vestes
1795 554 1843 589 et
1875 561 1995 590 arma

1108 613 1378 653 diminutum.

894 816 1260 874 PRAEMIA.

211 933 419 976 PRAEMIA
456 946 657 976 vocamus
683 933 695 956 ‘
714 944 892 974 munera
931 932 1039 972 mili-

159 996 299 1048 taria,’
317 998 504 1039 cohortis
525 996 753 1039 Praetoriae
777 996 1039 1037 communio-

155 1071 272 1111 nem,
307 1059 584 1113 stipendium,
618 1057 827 1112 praedam,
855 1063 902 1099 et
929 1058 1041 1099 dona

155 1122 450 1176 imperatoria.
480 1124 664 1164 Munera
681 1122 886 1164 militaria
903 1121 1041 1174 fuere,

156 1191 232 1228 aut
264 1188 536 1228 centuriatus
570 1194 646 1228 aut
675 1186 936 1240 praefectura
957 1186 1040 1227 vir-

156 1249 262 1290 tutis
291 1262 397 1304 ergo
421 1252 546 1292 militi
573 1251 704 1302 data;
734 1250 789 1292 de
811 1263 892 1304 quo
911 1251 1040 1304 paulo

155 1318 258 1354 ante
277 1313 488 1356 diximus:
517 1315 670 1356 cohors
689 1315 910 1366 praetoria,
927 1326 1042 1367 quae,

154 1377 236 1417 nisi
255 1378 339 1419 civi
356 1379 563 1430 Romano,
585 1379 727 1430 patuit
739 1378 912 1428 nemini,
931 1382 1039 1418 stre-

78 1432 82 1438 *
155 1453 240 1482 nno
258 1442 384 1482 militi
405 1443 641 1494 permissa;
671 1453 726 1482 ex
746 1454 831 1494 qua
843 1442 917 1495 qui
936 1441 1038 1482 fuis-

155 1510 237 1556 set,
265 1505 307 1546 in
337 1505 557 1546 beneficiis
591 1505 645 1546 ab
677 1505 950 1557 Imperatore
982 1505 1036 1546 ad

153 1567 350 1608 aer-arium
384 1567 679 1609 deferebatur.
750 1567 1038 1620 Stipendium,

155 1632 192 1671 si
218 1632 313 1685 quis
346 1631 450 1685 quid
477 1632 636 1685 egisset
660 1630 848 1680 fortiter,
868 1631 1037 1683 datum,

155 1694 225 1735 vel
243 1693 423 1748 duplex,
439 1695 507 1734 vel
528 1694 697 1748 triplex,
730 1693 889 1734 Praeda
907 1694 1036 1734 etiam

153 1757 371 1798 interdum
405 1764 535 1811 capta
573 1758 630 1800 de
681 1758 893 1808 hostibus,
940 1763 1040 1810 post

153 1833 340 1874 pugnam
360 1822 420 1862 illi
437 1834 655 1863 concessa.
691 1823 822 1862 Dona
837 1821 1039 1862 militaria

152 1891 294 1938 erant,
310 1899 405 1940 quae
434 1885 640 1926 militibus
672 1885 725 1925 ab
751 1885 1036 1938 Imperatore,

155 1949 225 1989 vel
257 1956 353 2002 post
387 1949 629 2000 victoriam,
655 1950 724 1990 vel
755 1956 858 1989 ante
886 1949 1034 1990 trium-

153 2012 300 2066 phum,
314 2012 407 2053 dari
425 2013 647 2064 solebant,
669 2018 715 2054 ut
731 2018 919 2067 torques,
933 2014 1033 2066 pha-

151 2077 270 2129 lerae,
291 2076 626 2130 armillae,hastae
643 2089 781 2130 purae,
799 2078 1037 2130 cornicula,

153 2153 341 2193 coronae,
366 2148 413 2182 et
432 2141 516 2182 alia
530 2140 573 2182 id
608 2153 771 2194 genus:
801 2141 856 2182 de
884 2143 1035 2197 quibus

153 2204 330 2257 singulis
349 2205 541 2246 breviter
556 2216 747 2256 agemus.

205 2268 343 2309 Parta
374 2268 551 2309 victoria
582 2268 709 2309 moris
737 2268 822 2310 fuit
841 2269 1036 2321 Impera·

153 2337 292 2371 torem
313 2343 392 2383 pro
423 2331 629 2372 tribunali
662 2332 834 2382 sedere,
861 2337 1035 2375 vocato-

152 2406 238 2447 que
253 2396 451 2435 exercitu
483 2395 662 2435 laudare
690 2394 865 2446 milites,
885 2396 988 2448 quid
1008 2409 1035 2437 a

151 2469 320 2510 quoque
354 2457 531 2499 fortiter
564 2463 733 2510 gestum
779 2458 1035 2511 praedicare,

148 2522 398 2563 nominatim
431 2522 653 2575 appellare
687 2522 895 2576 singulos,
929 2524 1033 2566 illis-

1106 943 1189 984 que
1233 929 1350 970 dona
1383 927 1586 969 militaria
1633 925 1795 980 largiri.
1852 926 1995 969 Hasta

1109 995 1228 1035 Pura
1247 993 1337 1033 sive
1374 991 1596 1043 graminea
1613 995 1710 1031 erat
1728 990 1819 1035 sine
1845 989 1965 1032 ferro
1983 1006 1994 1033 :

1108 1058 1392 1098 Phalerarum
1407 1054 1578 1095 nomine
1599 1053 1775 1105 dicitur,
1789 1054 1993 1108 quicquid

1109 1132 1314 1176 equorum
1351 1118 1502 1169 fronti,
1531 1118 1732 1170 maxillis,
1749 1122 1797 1158 et
1827 1118 1995 1170 pectori

1109 1185 1165 1225 ad
1214 1187 1509 1225 ornamentum
1560 1180 1762 1222 additur:
1813 1181 1993 1223 armillae

1109 1248 1308 1299 brachiis,
1323 1253 1497 1300 torques
1515 1245 1641 1297 collo,
1668 1256 1838 1285 coronae
1858 1244 1996 1297 capiti

1108 1313 1259 1354 decori
1291 1317 1442 1352 erant:
1491 1315 1535 1350 at
1563 1309 1675 1349 sicut
1702 1319 1876 1349 coronae
1897 1308 1994 1350 aliae

1108 1376 1200 1417 aliis
1239 1374 1527 1428 praestabant,
1562 1373 1627 1413 ita
1674 1370 1770 1411 aliae
1807 1371 1902 1412 aliis
1935 1371 1992 1412 de

1106 1440 1244 1481 causis
1278 1438 1519 1478 dabantur:
1557 1436 1631 1489 qui
1651 1434 1876 1476 victoriam
1903 1435 1991 1476 suis

1105 1505 1267 1546 virtute
1286 1501 1461 1543 militari
1479 1499 1736 1553 peperisset,
1749 1498 1993 1540 donabatur

1106 1581 1237 1610 aurea
1256 1579 1440 1609 corona:
1487 1564 1562 1619 qui
1593 1564 1795 1605 subiisset
1827 1563 1993 1618 primus

1105 1644 1271 1673 murum
1299 1630 1524 1679 hostilem,
1546 1627 1726 1669 murali:
1770 1626 1844 1681 qul
1879 1625 1994 1668 obsi-

1104 1697 1232 1737 dione
1250 1695 1481 1736 liberasset
1515 1697 1592 1734 aut
1620 1691 1740 1733 cives
1787 1695 1864 1732 aut
1882 1690 1992 1732 soci-

1104 1774 1169 1813 os,
1190 1759 1474 1802 obsidionali:
1518 1756 1596 1812 qui
1627 1756 1791 1811 primus
1823 1755 1868 1795 in
1896 1756 1992 1796 hos-

1103 1823 1211 1864 tium
1240 1827 1380 1864 castra
1403 1821 1446 1862 vi
1476 1820 1723 1873 irrupisset,
1751 1820 1991 1861 castrensi:

1104 1888 1180 1941 qui
1211 1886 1254 1927 in
1273 1897 1443 1938 navem,
1462 1883 1606 1925 navali
1627 1897 1638 1924 ε
1669 1883 1743 1936 qui
1760 1881 1887 1923 hoste
1907 1894 1993 1923 cae-

1103 1964 1150 1992 so
1168 1952 1306 1993 civem
1324 1955 1552 1999 servasset,
1580 1948 1732 1990 civica.
1788 1947 1995 1989 Castren-

1101 2016 1174 2066 sis,
1185 2016 1373 2069 muralis,
1387 2013 1551 2056 navalis
1566 2013 1818 2067 plerumque
1833 2024 1993 2065 aureae,

1104 2080 1181 2121 sed
1223 2077 1500 2121 obsidionalis
1551 2077 1798 2131 graminea;
1854 2077 1993 2119 civica

1104 2144 1289 2198 primum
1309 2143 1487 2196 ilignea,
1514 2141 1671 2183 deinde
1699 2141 1899 2194 aesculea,
1916 2141 1992 2183 de-

1103 2208 1232 2261 niqne
1250 2219 1470 2261 quernea:
1498 2206 1570 2261 qui
1587 2205 1767 2247 civicam
1779 2206 1992 2247 retulerat

1103 2272 1148 2312 id
1167 2272 1320 2313 habuit
1341 2284 1432 2323 prae
1461 2270 1624 2312 ceteris
1655 2270 1899 2324 singulare;
1941 2276 1990 2312 ut

1104 2341 1151 2378 et
1171 2335 1273 2388 ipsi,
1300 2341 1348 2377 et
1378 2335 1511 2388 patri,
1535 2340 1582 2376 et
1600 2346 1681 2375 avo
1707 2334 1878 2375 vacatio
1906 2347 1992 2376 om·

1102 2398 1221 2440 nium
1239 2409 1465 2439 munerum
1485 2397 1678 2449 daretur,
1710 2397 1915 2451 locusque
1934 2398 1990 2439 ad

1100 2451 1224 2504 ludos
1243 2463 1503 2517 spectandos
1519 2462 1700 2505 Senatui
1714 2463 1950 2516 proximus,

920 2645 1210 2704 POENAE.

205 2753 309 2796 Non
327 2753 481 2795 eadem
501 2755 617 2808 apud
646 2755 859 2798 Romanos
877 2758 1033 2799 milita·

149 2816 208 2855 ris
226 2815 456 2870 disciplina
470 2816 571 2870 fuit,
585 2831 681 2871 quae
700 2819 887 2872 urbana;
907 2823 1033 2863 alius-

151 2891 236 2932 que
261 2881 306 2920 in
335 2881 487 2921 castris
513 2881 657 2934 militi,
687 2882 798 2923 alius
833 2885 875 2924 in
914 2885 1034 2927 Urbe

148 2943 234 2983 civi
269 2949 412 2985 terror
447 2945 719 2998 propositus:
783 2948 921 2989 civem
958 2955 1035 2991 aut

150 3005 322 3047 caedere
377 3008 526 3061 virgis,
564 3014 640 3050 aut
686 3011 827 3053 securi
882 3011 1031 3067 ferire,

150 3070 474 3123 magistratibus
509 3073 722 3125 vetitum:
764 3082 811 3118 at
838 3077 1032 3130 Impera-

152 3134 254 3186 tori,
290 3140 367 3177 aut
409 3136 579 3187 mortis,
627 3144 704 3179 aut
740 3140 938 3192 alterius,
984 3148 1033 3184 ut

150 3196 332 3247 libebat,
376 3199 578 3252 supplicii
613 3205 731 3242 metu
765 3202 948 3245 militem
988 3205 1031 3245 in

150 3259 292 3302 officio
310 3261 516 3303 coercere
551 3263 619 3304 fas
646 3270 756 3307 erat.
827 3266 1034 3310 Animad-

153 3327 372 3366 versiones
411 3339 511 3368 vero
547 3328 644 3369 aliae
683 3330 775 3370 aliis
814 3332 1034 3384 graviores

147 3394 301 3441 erant3
329 3403 424 3444 qua‘,
453 3391 727 3446 ignominiam
756 3399 923 3438 tantum
942 3397 1034 3439 inu-

1101 2766 1265 2814 rerent,
1282 2763 1483 2815 leviores,
1498 2768 1548 2804 ut
1561 2761 1778 2816 stipendio
1794 2762 1988 2815 legitImo

1102 2826 1281 2878 privari,
1300 2827 1469 2867 hastam
1491 2827 1611 2879 dare,
1624 2826 1681 2868 ab
1697 2827 1897 2868 exercitu
1923 2838 1989 2866 re-

1101 2890 1283 2942 moveri,
1314 2891 1495 2931 tentorii
1525 2892 1666 2933 locum
1696 2896 1878 2943 mutare,
1917 2891 1988 2943 hy-

1101 2952 1285 2994 bernare
1319 2960 1442 2995 extra
1466 2954 1688 3007 oppidum,
1710 2955 1850 2995 cibum
1871 2959 1987 2994 stan-

1102 3023 1191 3056 tem
1219 3028 1392 3070 capere,
1422 3016 1583 3058 fossam
1611 3016 1777 3070 fodere,
1803 3017 1987 3058 discinc-

1102 3084 1190 3120 tum
1206 3080 1403 3132 destitui,
1413 3081 1575 3122 hordeo
1588 3082 1723 3134 pasci,
1735 3081 1985 3133 sanguinem

1098 3144 1243 3195 mitti;
1287 3145 1510 3196 graviores
1542 3150 1681 3196 erant,
1717 3157 1813 3198 quae
1851 3144 1983 3185 detri-

1096 3215 1291 3250 mentum
1312 3208 1603 3263 inferrent,ut
1623 3210 1752 3261 virgis
1769 3208 1897 3261 caedi,
1914 3222 1986 3250 ve-

1097 3271 1208 3320 nire,
1243 3271 1358 3317 fuste
1395 3278 1439 3314 et
1466 3272 1606 3314 securi
1642 3271 1829 3325 percuti,
1867 3272 1983 3313 deci-

1100 3335 1224 3387 mari,
1250 3336 1295 3376 in
1326 3349 1502 3378 crucem
1538 3335 1646 3376 tulli.
1701 3334 1786 3375 Sed
1824 3335 1877 3376 de
1914 3335 1980 3377 his

1101 3399 1322 3450 hactenus.
