2352 4022
404 314 509 364 144

924 320 1179 359 VALERII
1224 318 1464 355 MAXIM!
1510 317 1627 354 LlB.
1671 318 1708 353 1.

1153 556 1323 609 CAP.
1363 556 1481 609 ΙΙΙ.

565 699 671 752 DE
708 693 1183 750 PEREGRINA
1222 693 1676 747 RELIGIONE
1713 692 2072 748 REJECTA

433 841 453 875 1
487 836 521 875 A
547 841 693 875 senatu
715 837 918 874 Romano.

430 894 456 928 2
486 890 523 928 A
545 891 593 929 C.
615 890 814 928 Cornelio
834 893 1034 939 praetore.

1377 839 1401 875 3
1431 833 1471 875 Α
1486 835 1535 876 L.
1556 833 1725 874 AEmilio
1745 833 1902 886 Paulo,
1923 833 2022 873 Cos.

474 999 523 1049 1.
563 999 1081 1050 BACCHANALIUM
1107 1001 1160 1026 ¹³
1197 1014 1479 1051 sacrorum
1527 1013 1649 1068 mos
1693 1013 1871 1049 novus
1914 999 2226 1064 institutuS,

403 1098 527 1133 cum
556 1082 626 1132 ad
646 1082 1014 1150 perniciosam
1041 1081 1364 1134 vesaniamb
1400 1083 1612 1146 iretur,²
1652 1083 1906 1136 sublatus
1928 1089 2082 1138 este*

474 1166 770 1228 Lutatius,‘¹
812 1167 908 1234 qui
952 1166 1192 1233 primum
1234 1154 1512 1222 Punicum
1550 1167 1794 1219 bellume
1843 1164 2152 1231 consecula*
2191 1185 2226 1222 a
2279 1201 2282 1202 ν

1166 1289 1336 1306 ‘omn

1341 1290 1467 1306 “O“

455 1360 477 1395 1
509 1356 648 1395 Haec
639 1369 681 1396 m
702 1357 955 1409 quibusdam
975 1357 1099 1398 codd.
1121 1371 1216 1398 cum
1236 1359 1528 1411 superioribus
1545 1359 1635 1398 sine
1655 1358 1741 1397 ullo
1767 1358 1884 1398 tituli
1915 1358 2013 1399 novi
2043 1359 2228 1411 vestigio

399 1410 640 1450 cohaerent:
669 1411 711 1449 in
731 1411 823 1450 aliis
838 1423 933 1450 cum
954 1413 1233 1463 sequentibus
1251 1413 1304 1452 de
1323 1411 1552 1464 Auspiciis.
1606 1412 1786 1461 Pighius
1807 1423 1963 1451 novum
1993 1411 2061 1452 hie
2094 1419 2227 1464 caput

401 1463 721 1503 constituit.—2
752 1464 915 1503 Brand.
945 1466 1066 1506 Leid.
1088 1469 1128 1506 3.
1163 1470 1209 1505 et
1241 1466 1399 1517 Ultraj.
1432 1466 1541 1513 iret,-
1568 1471 1613 1505 et
1646 1466 1708 1505 sic
1741 1464 1920 1517 Pighius
1955 1465 1999 1505 in
2032 1465 2228 1507 Erratis.

1228 1572 1407 1613 NOTAE

457 1655 476 1676 ²
494 1649 818 1701 Bacchanalium]
861 1651 989 1691 Festa
1022 1651 1179 1691 Libero
1207 1664 1282 1704 pa-

403 1713 460 1751 tri
479 1713 638 1762 dicata,
669 1725 781 1764 quae,
798 1718 846 1752 ut
870 1718 1019 1753 auctor
1050 1721 1117 1753 est
1137 1714 1283 1754 Livius

402 1776 477 1815 lib.
516 1787 686 1815 xxxix.
733 1776 912 1816 Graecus
953 1777 1124 1829 quidam
1161 1779 1286 1817 homo

402 1838 620 1890 ignobilis,
666 1838 740 1878 sed
795 1839 1008 1890 ejusmodi
1068 1851 1285 1880 sacrorum

407 1903 603 1953 antistes,
649 1901 692 1940 in
736 1903 953 1942 Etruriam
1000 1903 1174 1942 attulit:
1229 1914 1285 1942 ex

405 1967 577 2005 Etruria
609 1978 660 2004 ea
694 1967 795 2005 mali
821 1966 941 2006 labes
976 1979 1075 2006 mox
1108 1967 1286 2006 Romam

405 2029 666 2079 penetravit.
1118 2079 1119 2082 Ἴ

455 2090 473 2116 1’
491 2092 555 2130 Ad
570 2091 826 2142 perniciosam
852 2092 1068 2143 vesaniam]
1108 2092 1287 2143 Singula

403 2167 584 2207 quaeque
604 2156 716 2194 illius
749 2155 851 2195 festi
881 2156 1095 2208 attingere
1124 2157 1286 2197 scelera

402 2217 542 2267 pudor
580 2223 727 2258 vetat:
766 2218 826 2257 ibi
847 2219 958 2258 enim
988 2219 1225 2271 promiscua
1242 2225 1288 2259 et

401 2287 548 2331 stupra
577 2286 623 2320 et
652 2281 863 2321 adulteria
891 2282 1173 2333 ingenuorum
1209 2281 1286 2321 foe-

403 2343 694 2396 minarumque
713 2350 850 2385 erant.
881 2346 992 2385 Falsi
1012 2351 1165 2397 testes,
1179 2345 1288 2386 falsa

404 2405 526 2455 signa
557 2405 657 2445 inde
686 2407 881 2458 exibant3
923 2420 1090 2448 venena
1127 2409 1286 2449 identi-

403 2466 516 2518 dem,
548 2467 853 2522 intestinaeque
885 2471 1049 2522 clades,
1076 2478 1124 2512 et
1163 2473 1287 2524 plura

405 2531 516 2579 alia;
565 2544 660 2583 quae
699 2533 740 2572 in
774 2547 841 2585 eo,
873 2548 998 2587 quem
1036 2536 1143 2588 dixi,
1174 2537 1287 2576 libro

407 2594 552 2633 multis
572 2596 760 2646 explicat
778 2598 938 2638 Livius.

461 2662 477 2682 c
497 2657 686 2698 Sublatus
718 2660 794 2711 est]
838 2662 943 2700 Cum
979 2660 1164 2701 nefanda
1192 2662 1285 2702 haec

406 2719 603 2770 crimina,
646 2723 1090 2775 conspirationemque
1109 2723 1288 2774 fat-tam,

405 2783 656 2822 muliercula
684 2786 876 2837 quaedam
909 2788 1148 2838 aperuisset
1178 2788 1289 2827 Ebu-

407 2847 468 2885 tio
489 2847 776 2898 adolescenti3
821 2850 890 2888 ille
912 2850 964 2889 ad
987 2837 1174 2920 amiyam,
1194 2853 1286 2892 haec

407 2908 459 2946 ad
499 2909 741 2962 Consulem,
777 2911 934 2950 Consul
981 2912 1036 2950 ad
1079 2913 1286 2952 Senatum

406 2982 496 3009 rem
516 2971 686 3011 detulit.
745 2971 958 3012 Continuo
988 2987 1203 3014 sacrorum
1237 2977 1285 3014 il-

405 3033 542 3072 lorum
577 3034 841 3086 sacerdotes,
871 3048 943 3074 seu
980 3037 1058 3075 viri
1092 3050 1166 3076 seu
1211 3037 1287 3077 foe-

404 3094 548 3145 minae,
579 3096 883 3146 comprehendi
921 3109 974 3136 ex
1009 3099 1288 3139 senatuscon—

407 3159 518 3196 sulto
543 3158 655 3209 jussi
688 3164 817 3209 sunt;
848 3161 1106 3213 edictisque,
1138 3167 1225 3201 tum
1245 3163 1286 3202 in

407 3221 512 3260 urbe
526 3226 615 3260 tum
635 3232 714 3272 per
736 3228 869 3261 totam
887 3223 1072 3273 Italiam,
1091 3225 1286 3276 vetitum,

406 3296 460 3323 ne
479 3285 571 3336 quis
591 3285 685 3324 haec
705 3297 824 3324 sacra
844 3286 1097 3326 celebraret.

460 3351 478 3388 i
499 3346 581 3387 An.
603 3348 666 3388 M.
688 3352 808 3388 3868.
832 3348 901 3388 01.
921 3353 1012 3390 148.
1031 3353 1069 3390 3.
1104 3351 1209 3391 Urb.
1238 3352 1285 3391 C.

408 3413 502 3449 567.
523 3410 627 3450 Ant.
646 3412 725 3451 Ch.
748 3415 841 3453 185,

460 3470 478 3498 d
507 3473 714 3525 Lutatius]
772 3475 819 3514 C.
857 3475 1054 3515 Lutatius
1093 3476 1288 3528 Catulus,

1351 1651 1522 1692 familiae
1562 1653 1832 1694 Lutatiorum
1862 1654 2078 1706 princeps,
2107 1664 2231 1706 quam

1351 1716 1459 1756 lieet
1489 1717 1716 1768 plebeiam,
1743 1717 1945 1768 singulari
1975 1717 2137 1792 virtute
2159 1729 2231 1769 pa-

1353 1779 1490 1819 triciis
1512 1791 1657 1831 parem
1678 1779 1881 1820 reddidit.

1406 1848 1424 1868 θ
1441 1843 1623 1882 Primum
1644 1843 1839 1884 Punicum
1856 1842 2014 1895 bellum]
2060 1843 2168 1884 Cum
2189 1844 2232 1884 iu

1353 1905 1477 1945 bellis
1513 1906 1692 1946 Punicis
1730 1918 1855 1958 paene
1889 1911 2007 1947 totns
2037 1912 2234 1947 versetur

1352 1968 1567 2020 Valerius,
1588 1981 1671 2008 non
1700 1970 1798 2021 erit,
1818 1969 1985 2022 opinor,
2001 1970 2232 2022 ingratum,

1352 2031 1388 2070 si
1406 2043 1502 2083 quae
1538 2031 1748 2083 cujusque
1769 2044 1916 2083 causa,
1934 2033 2081 2084 quisve
2100 2031 2235 2072 fuerit

1353 2094 1508 2144 exitus,
1541 2107 1706 2147 quoque
1739 2099 1934 2146 tempore
1962 2100 2127 2147 gestum
2164 2097 2236 2142 sit,

1353 2157 1546 2198 breviter
1563 2158 1906 2209 perstrinxerim.
1943 2158 2106 2199 Punica
2123 2159 2237 2199 bella

1356 2220 1438 2260 tria
1475 2219 1613 2260 fuere.
1671 2221 1806 2260 Primi
1854 2221 2112 2274 principium
2153 2218 2237 2261 fuit

1354 2285 1554 2324 auxilium
1575 2285 1724 2325 datum
1753 2285 2051 2325 Mamertinis:
2084 2295 2236 2325 secun·

1355 2347 1415 2396 di,
1459 2348 1673 2399 Saguntus
1712 2347 1859 2387 deleta
1901 2347 1955 2387 ab
1992 2347 2234 2388 Annibale:

1353 2410 1488 2461 tertii,
1505 2423 1529 2450 a
1549 2409 1974 2461 Carthaginiensibus
1991 2410 2236 2463 neglectum

1354 2470 1508 2525 foedus,
1526 2473 1772 2525 bellumque
1789 2472 2034 2514 Masinissae
2052 2473 2235 2514 illatum.

1355 2536 1545 2576 Primum
1568 2538 1622 2576 ab
1655 2548 1766 2576 anno
1799 2536 1928 2576 Urbis
1947 2539 2041 2577 489.
2067 2536 2121 2576 ad
2141 2541 2236 2577 513.

1355 2605 1522 2649 gestum
1543 2604 1639 2638 est:
1670 2594 1851 2639 alterum
1872 2600 1926 2640 ab
1943 2611 2054 2640 anno
2067 2603 2161 2640 536.
2181 2601 2236 2640 ad

1353 2666 1448 2702 552.
1485 2663 1664 2703 tertium
1700 2662 1755 2702 ab
1787 2654 1897 2702 anno
1927 2666 2023 2703 605.
2060 2662 2112 2703 ad
2142 2666 2237 2703 608.

1354 2726 1543 2765 Primum
1566 2732 1665 2777 post
1695 2738 1827 2766 annos
1861 2729 1928 2767 23.
1965 2727 2020 2768 Q.
2040 2726 2238 2766 Lutatius
2264 2773 2266 2775 q

1355 2790 1559 2839 Catulus3
1603 2789 1837 2829 seeundum
1871 2793 1972 2840 post
1998 2799 2133 2829 annos
2169 2793 2235 2828 17.

1356 2854 1410 2892 P.
1437 2853 1582 2904 Scipio
1611 2850 1841 2892 Africanus
1861 2851 2033 2903 Major;
2062 2852 2236 2892 tertium

1355 2919 1452 2966 post
1486 2926 1614 2954 anuos
1645 2918 1686 2954 4.
1725 2914 1778 2953 Ρ.
1810 2914 1955 2966 Scipio
1989 2913 2236 2955 AEmilianus

1356 2978 1586 3019 Africanus
1624 2979 1770 3018 Minor
1798 2978 1998 3019 confecit.
2056 2979 2234 3019 Cartha·

1357 3041 1618 3092 giniensibus
1639 3041 1819 3080 ademtae
1848 3048 1947 3081 sunt
1966 3041 2105 3093 primo
2127 3042 2236 3081 bello

1357 3115 1502 3142 omnes
1540 3104 1669 3143 maris
1712 3103 2024 3144 Mediterranei
2059 3105 2234 3144 insulae:

1354 3166 1557 3215 secundo,
1587 3165 1814 3218 Hispania,
1844 3172 1890 3205 et
1919 3178 2019 3218 pars
2044 3166 2236 3207 Africae:

1356 3227 1503 3276 tertio,
1523 3228 1740 3278 Carthago
1761 3228 1867 3277 ipsa.

1409 3285 1424 3313 f
1442 3287 1642 3339 Consu-it]
1681 3289 1744 3327 Ea
1761 3287 2016 3328 fortitudine
2038 3297 2082 3330 et
2100 3289 2236 3331 felici-

1348 3354 1445 3403 tate
1467 3357 1620 3390 contra
1637 3352 1792 3390 Poenos
1815 3351 1868 3390 ad
1889 3352 2062 3403 AEgates
2078 3353 2236 3394 insulas

1353 3413 1579 3464 pugnavit,
1593 3419 1641 3453 ut
1655 3425 1786 3452 naves
1800 3426 1947 3453 eorum
1961 3419 2030 3455 50.
2046 3418 2111 3456 vel
2129 3416 2237 3457 frac-

1355 3483 1411 3516 tae
1433 3478 1502 3516 vel
1530 3478 1754 3529 demersae,
1774 3482 1840 3519 70.
1879 3485 2038 3533 captae,
2057 3481 2234 3534 reliquae
