2352 4022
376 309 483 362 188

446 443 498 496 4.
538 440 799 508 Sequitur
823 453 983 506 aeque
1013 435 1083 487 ad
1106 434 1382 502 publicam
1410 434 1722 501 religionem
1745 433 2022 501 pertinens
2045 448 2195 485 som-

374 526 540 578 nium.
615 525 754 577 Cum
795 521 1028 591 plebeiis
1070 517 1253 572 ludisk
1290 519 1516 587 quidam
1542 518 1946 586 paterfamilias
1971 533 2070 584 per
2092 518 2197 569 cir·-

373 627 497 663 cum
529 603 892 669 Flaminium,¹
925 606 1250 673 priusquam
1274 620 1483 671 pompa
1504 601 1546 634 ¹⁶
1582 602 1949 665 induceretur,
1974 617 2194 653 servum

375 711 538 747 suum
579 692 899 746 verberibus
937 690 1306 752 mulcatum,¹⁷
1345 690 1452 741 sub
1496 688 1701 740 furcam
1738 687 1808 739 ad
1854 685 2195 754 supplicium

373 781 595 846 egisset,
635 778 725 830 Ti.
750 775 949 829 Atinio
969 775 1051 806 ¹⁸¹¹
1085 775 1294 828 homini
1333 792 1403 827 ex
1451 775 1615 843 plebe
1657 771 1875 841 Jupiter
1910 771 1967 822 in
2009 770 2197 838 quiete

372 863 665 931 praecepit,
703 864 801 912 ‘ut
840 860 1171 913 consulibus
1202 860 1431 924 diceret,
1459 860 1568 911 sibi
1591 857 1971 927 praesultorem
1990 862 2012 883 ⁰
2045 853 2195 907 ludis

373 947 728 1000 Circensibus
763 945 1037 1013 proximis
1074 960 1186 996 non
1209 945 1496 1012 placuisse
1511 944 1542 996 :’
1581 960 1708 1011 quae
1734 957 1826 994 res
1851 940 1961 993 nisi
1987 942 2197 992 attenta

371 1029 623 1083 ludorum
650 1029 1045 1081 instauratione
1071 1030 1307 1096 expiata
1343 1035 1506 1091 esset,
1553 1031 1866 1079 secuturum
1889 1041 1998 1076 non
2024 1021 2195 1079 medi-

372 1130 502 1167 ocre
530 1115 682 1167 urbis
719 1114 1045 1182 periculum.
1122 1115 1223 1168 Ille
1264 1115 1485 1175 veritus,
1525 1129 1595 1165 ne
1621 1129 1746 1164 cum
1773 1111 1959 1179 aliquo
1986 1109 2197 1160 incom-

902 318 1158 358 VALERII
1203 316 1445 354 MAXIMI
1495 317 1609 354 [AB.
1638 316 1678 354 1.

1133 1265 1429 1280 OO‘OOOOOIOOO

368 1374 410 1401 re
432 1366 609 1412 propter
628 1359 879 1412 praecedens
898 1363 1067 1400 ro.—16
1087 1358 1255 1398 Gembl.
1276 1363 1320 1397 et
1337 1357 1488 1398 Atreb.
1504 1357 1728 1409 priusquam
1740 1357 1919 1395 chroma:
1948 1353 2050 1392 Vet.
2067 1351 2199 1404 prius·

368 1428 483 1466 quam
518 1427 648 1454 croma
662 1427 675 1452 .·
717 1413 894 1465 Pighius
927 1426 981 1453 ex
1020 1413 1172 1452 codice
1207 1412 1405 1464 quodam,
1429 1412 1653 1463 priusquam
1689 1422 1818 1449 oroma
1853 1408 2195 1452 introduceretur,-

369 1468 481 1508 unde
500 1468 722 1508 Pomanus
743 1475 787 1507 et
808 1468 984 1507 Colerus
1016 1466 1130 1517 conj.
1159 1478 1351 1516 acroama,
1386 1465 1665 1516 probantibus
1699 1463 1876 1502 Salmas.
1905 1467 1950 1500 et
1987 1461 2196 1511 Ruperto.

370 1523 478 1561 Vide
499 1523 590 1562 Cic.
613 1534 688 1573 pro
704 1521 825 1560 Sext.
858 1533 996 1572 pompa
1021 1519 1227 1559 exhibent
1260 1519 1411 1570 viginti
1443 1518 1528 1558 duo
1553 1517 1824 1558 Torreniani.
1867 1515 2043 1555 Salmas.
2063 1513 2195 1553 etiam

368 1577 480 1627 conj.
499 1578 756 1614 orama—17
778 1574 863 1614 Alii
883 1576 1106 1624 multatum,
1129 1574 1194 1612 vel
1211 1574 1562 1612 mulctatum—18
1584 1571 1720 1612 Codd.
1741 1581 1888 1610 omnes
1903 1575 1948 1608 et.
1967 1566 2067 1607 edd.
2089 1571 2195 1605 vett.

370 1642 448 1682 pro
469 1629 530 1669 Ti.
550 1628 691 1668 Atinio
710 1628 870 1668 habeut
888 1628 1049 1668 Latino.
1104 1627 1164 1667 At
1187 1627 1435 1677 Pighius-ex
1458 1626 1657 1666 Lactant.
1679 1637 1730 1666 ιι.
1745 1628 1785 1665 7.
1811 1625 1874 1664 Ti.
1891 1621 2030 1664 Atinio
2048 1621 2193 1672 legen-

1199 1747 1237 1787 N
1246 1747 1375 1788 OTAE

368 1862 656 1898 consternatae
688 1856 937 1897 Latinorum
957 1855 1157 1895 cohortes
1183 1852 1249 1894 fu-

368 1934 463 1973 gam
477 1933 532 1961 ac
544 1921 787 1960 vastitatem
804 1921 890 1960 late
905 1917 1118 1959 fecerunt.
1141 1918 1247 1958 Haec

368 1984 517 2024 Livius
538 1983 611 2024 lib.
630 1995 735 2024 vm.

420 2047 438 2075 ¹⁸
466 2049 641 2089 Plebeiis
657 2049 779 2100 ludis]
819 2047 929 2087 Post
960 2047 1102 2098 Reges
1123 2057 1248 2085 exac-

365 2119 451 2164 tos,
473 2118 519 2151 ut
535 2112 681 2164 placet
695 2110 882 2151 Asconio
898 2109 1102 2150 Paediano
1121 2121 1132 2158 ;
1164 2109 1250 2159 vel,

365 2181 414 2216 ut
443 2174 674 2227 Dionysio,
719 2182 818 2228 post
856 2174 993 2214 victos
1033 2172 1087 2212 ab
1135 2171 1248 2212 Aulo

363 2238 615 2279 Posthumio
654 2238 884 2278 Dictatore
932 2235 1125 2286 Latinos,
1175 2234 1248 2288 qui

361 2301 648 2355 Tarquinium
677 2301 911 2340 restituere
957 2298 1242 2347 nitebantur3

364 2366 433 2405 vel
468 2370 565 2417 post
594 2363 746 2416 plebis,
774 2375 849 2402 seu
878 2363 924 2402 in
963 2366 1147 2401 montem
1179 2372 1246 2398 sa-

366 2441 500 2479 crum,
532 2433 580 2467 ut
614 2425 844 2475 nonnanis,
875 2437 948 2464 seu
989 2425 1031 2463 in
1062 2422 1246 2462 Aventi-

366 2504 480 2543 num,
517 2497 566 2530 ut
604 2490 713 2540 aliis,
746 2488 1042 2536 secessionem,
1081 2486 1122 2525 hi
1159 2485 1248 2525 ludi

365 2554 550 2595 instituti
566 2559 680 2594 sunt.
735 2551 840 2591 Illos
861 2550 914 2590 ab
934 2544 1144 2589 AEdilibus
1161 2549 1248 2600 ple-

365 2617 432 2657 bis
452 2618 496 2657 in
511 2617 637 2657 Circo
659 2613 940 2668 pertriduum
955 2612 1048 2652 fieri
1070 2612 1244 2660 Livius;

364 2681 501 2720 minas
538 2679 706 2731 argenti
735 2678 990 2731 quingentas
1018 2677 1062 2716 in
1091 2676 1141 2716 iis
1169 2675 1246 2714 im-

365 2744 495 2798 pendi
511 2743 746 2794 Dionysius
765 2755 776 2791 3
808 2742 1067 2793 epulumque
1090 2741 1246 2791 populo

366 2808 476 2858 dari,
495 2807 567 2847 alii
589 2810 833 2846 testantur:
868 2805 903 2844 si
921 2805 1016 2856 quis
1037 2804 1160 2856 plura
1181 2815 1245 2843 re·

364 2872 523 2925 quirat,
540 2868 796 2921 Dionysium
825 2867 932 2907 libro
961 2867 1144 2919 septimo
1174 2879 1246 2906 ex·

366 2941 503 2975 tremo
524 2932 736 2972 consulat.

422 2995 609 3036 ¹Circum
647 2992 906 3045 Flaminium]
964 2994 1131 3036 Praeter
1164 2993 1245 3033 cir-

366 3072 463 3101 cum
491 3058 745 3106 Maximum,
779 3062 878 3095 octo
920 3067 1128 3095 novemve
1164 3055 1247 3095 cir-

364 3123 496 3164 cosin
514 3121 633 3162 Urbe
655 3119 784 3160 fuisse
806 3117 981 3172 scripsit
998 3118 1048 3159 P.
1071 3118 1246 3168 Victor-3

367 3178 472 3240 qu'os
490 3186 602 3226 inter
619 3181 872 3225 Flaminium
890 3188 1119 3222 numerant
1145 3182 1247 3221 Plu-

365 3249 539 3291 tarchus
560 3253 607 3288 et
624 3245 864 3295 Martialis;
894 3257 919 3284 a
937 3244 1072 3296 pratis
1093 3244 1246 3283 Flami-

365 3313 463 3361 niis,
484 3312 555 3352 ubi
575 3310 770 3352 conditus
794 3314 874 3360 est,
893 3308 1122 3348 Flaminius
1141 3307 1246 3347 dici-

366 3383 452 3416 tur.
508 3376 686 3426 Pompae
714 3372 843 3414 totius
875 3376 1129 3424 apparatum
1175 3383 1244 3419 eo,

367 3451 494 3490 quem
515 3438 641 3489 paulo
661 3441 758 3476 ante
781 3434 886 3484 dixi,
912 3433 1024 3474 libro
1053 3433 1244 3486 pluribus

335 3515 350 3539 .·
368 3500 641 3555 persequitur
663 3498 911 3552 Dionysius,
938 3502 982 3538 et
999 3508 1074 3538 nos
1096 3502 1245 3551 postea

1316 1853 1578 1894 commodius
1599 1853 1926 1905 explicabimus.

1369 1923 1397 1943 '²‘
1426 1917 1509 1957 Sub
1516 1916 1659 1968 furca]
1698 1917 1933 1956 Furcarum
1966 1914 2048 1955 tria
2068 1924 2197 1965 gene-

1317 1992 1391 2030 ra;
1419 1993 1563 2026 unum,
1595 1981 1752 2032 lignum
1786 1978 1980 2031 plaustri,
1999 1976 2110 2030 quod
2132 1981 2196 2016 te—

1314 2044 1429 2084 moni
1449 2043 1704 2095 subjicitur3
1735 2041 1842 2082 illud
1871 2041 1927 2081 ob
1956 2042 2050 2080 leve
2069 2039 2199 2080 delic-

1316 2114 1404 2148 tum
1425 2119 1509 2147 non
1531 2114 1615 2145 tam
1636 2104 1853 2157 supplicii,
1870 2116 1997 2157 qnam
2020 2103 2197 2156 ignomi-

1315 2172 1396 2211 niae
1434 2182 1562 2212 causa
1601 2167 1718 2209 serre
1753 2167 1867 2208 servi
1902 2166 2194 2219 cogebantur3

1314 2235 1539 2288 simulque,
1569 2240 1615 2273 et
1646 2244 1767 2272 suum
1800 2229 1926 2271 fateri
1955 2234 2197 2282 peccatum,

1313 2305 1357 2338 et
1377 2307 1551 2337 monere
1584 2305 1770 2345 ceteros,
1798 2305 1853 2333 ne
1873 2292 1975 2345 quid
1996 2291 2134 2332 simile
2153 2292 2196 2332 in

1314 2374 1360 2401 se
1380 2361 1674 2400 admitterent.
1729 2358 1924 2397 Alterum
1940 2357 2098 2408 lignum
2119 2355 2197 2395 du-

1317 2426 1433 2477 plex,
1465 2423 1587 2475 cujus
1623 2422 1666 2460 in
1697 2420 1840 2460 media
1873 2425 1996 2472 parte
2033 2419 2196 2459 inserto

1318 2491 1428 2530 collo
1457 2488 1520 2528 rei
1557 2487 1703 2528 cervix
1730 2486 1882 2538 laqueo
1916 2484 2195 2535 vinciebatur,

1316 2554 1383 2593 vel
1415 2558 1462 2592 ut
1495 2551 1548 2591 ad
1581 2549 1839 2602 supplicium
1869 2549 2112 2589 traheretur
2131 2546 2195 2589 fa·

1315 2618 1454 2668 cilius,
1483 2615 1623 2654 velut
1655 2618 1822 2664 tergum
1847 2611 1980 2663 virgis
2009 2622 2195 2652 commo-

1315 2679 1409 2719 dius
1441 2678 1671 2731 praeberet.
1726 2675 1920 2716 Tertium
1953 2674 2090 2715 furcae
2122 2685 2196 2727 ge·

1315 2755 1391 2782 nus
1438 2742 1535 2794 fuit,
1572 2753 1655 2793 quo
1694 2740 1848 2792 passim
1891 2738 2066 2788 utimur,
2097 2749 2194 2778 cum

1314 2805 1503 2845 damnati
1522 2805 1620 2856 gula
1639 2805 1789 2855 laqueo
1807 2800 2034 2853 frangitur.

1366 2874 1385 2894 ¹¹
1409 2865 1640 2916 TaAtimv]
1655 2865 1899 2905 ⁷1⁸..Latinus
1920 2863 2059 2912 Livio,
2077 2861 2195 2904 Plut.

1313 2939 1358 2973 et
1385 2932 1563 2983 Dionys.
1583 2928 1748 2970 Annius
1770 2926 2011 2974 Macrobio,
2036 2925 2084 2966 Τ.
2105 2923 2193 2966 An-

1316 2995 1458 3035 tonius
1482 2992 1708 3034 Lactantio
1725 2990 1897 3031 dicitur.

1368 3063 1387 3083 ⁰
1424 3054 1722 3105 Proesultorem]
1788 3053 1851 3103 Is,
1890 3063 1916 3092 a
1950 3063 2035 3106 quo
2072 3047 2192 3093 facta

1319 3127 1464 3160 essent
1511 3118 1710 3158 ludorum
1740 3114 1951 3169 praeludia
1993 3114 2189 3168 praeviae·

1319 3195 1401 3235 que
1441 3182 1710 3232 saltationes,
1740 3179 1980 3220 Praesnltor
2021 3177 2193 3218 diceba·

1318 3252 1410 3287 tur:
1456 3246 1535 3284 hoc
1573 3245 1615 3284 in
1647 3244 1741 3284 loco
1771 3254 1942 3283 servum
1977 3241 2095 3282 illum
2128 3241 2192 3281 in·

1316 3308 1491 3359 telligit,
1520 3307 1608 3359 qui,
1628 3306 1728 3345 dum
1751 3317 1776 3344 a
1796 3304 2014 3344 conservis
2048 3300 2190 3356 flagris

1314 3370 1570 3419 caederetur,
1600 3367 1839 3408 inconditos
1859 3367 2082 3418 clamores,
2101 3379 2192 3418 ges-

1314 3438 1468 3485 tusque
1494 3431 1719 3471 indecoros
1748 3429 1902 3470 dabat:
1952 3429 2015 3468 uti
2045 3434 2192 3471 narrat

1314 3497 1497 3546 Dionys.
