2346 3952
381 300 452 353 32

383 440 452 476 tus
472 439 553 475 est.
590 433 711 473 Illius
733 431 903 484 quidem
932 435 1054 483 pater
1079 431 1254 471 Marcus

383 497 578 549 Regillus
601 496 713 535 bello
733 495 899 535 Punico
927 493 1114 534 secundo
1145 494 1256 533 Con·

384 561 448 600 sul
470 559 626 599 relatus
645 565 712 598 est
728 571 739 608 ;
758 558 833 598 sed
850 571 873 598 a
891 558 946 599 Q.
966 556 1099 596 Fabio
1115 556 1254 597 Cunc-

1029 314 1108 352 DE
1149 309 1549 351 ROMANORUM

1321 432 1462 470 tatore
1492 425 1758 479 repudiatus,
1789 440 1884 468 cum
1920 427 2085 469 diceret
2110 428 2193 470 alio

1322 493 1507 534 Consule
1524 497 1676 533 contra
1692 491 1944 532 Annibalem
1965 503 2071 545 opus
2085 505 2194 535 esse.

984 699 1279 753 AEMILII
1324 696 1591 755 PAULI.

436 828 644 868 AEmimos
697 838 842 866 omnes
894 826 1028 878 gloria
1078 825 1253 866 militari

382 891 507 931 Pauli
522 892 646 942 longe
661 894 931 941 superarunt.
960 890 1155 931 Quatuor
1167 900 1254 928 om-

383 954 482 992 nino
518 952 705 1002 fuerunt,
752 953 835 992 duo
879 952 1034 1004 Marci,
1074 951 1254 992 totidem

383 1015 530 1063 Lucii;
568 1015 801 1054 Consulatu
834 1026 994 1066 omnes,
1025 1013 1147 1054 Lucii
1179 1013 1254 1053 tri—

384 1079 547 1130 umphis
578 1079 707 1119 etiam
737 1080 978 1120 clarissimi.
1021 1092 1052 1120 1.
1080 1081 1255 1120 Marcus

384 1142 543 1182 Consul
557 1154 651 1181 cum
671 1148 784 1182 esset
798 1155 908 1183 anno
923 1146 1020 1183 451.
1046 1143 1257 1194 Magister

383 1204 572 1256 equitum
601 1218 624 1244 a
652 1206 708 1247 Q.
737 1206 870 1246 Fabio
895 1206 1095 1246 Rulliano
1116 1206 1256 1246 dictus

382 1273 464 1306 est.
502 1278 554 1307 11.
586 1269 709 1320 cujus
746 1266 856 1308 filius
893 1269 1069 1308 Marcus
1104 1268 1258 1308 Consul

383 1341 494 1370 anno
513 1334 606 1371 498.
625 1332 780 1371 multas
809 1343 938 1371 naves
966 1335 1011 1371 et
1039 1331 1260 1382 Carthagi·

382 1395 579 1434 nens-ibus
596 1394 772 1446 ademit,
792 1401 836 1434 et
854 1393 1077 1447 naufragio
1106 1394 1258 1434 amisit.

383 1467 457 1496 111.
485 1457 639 1498 Lucius
676 1470 731 1498 ex
763 1470 813 1496 eo
842 1458 1011 1510 genitus
1043 1458 1259 1509 duplicem

386 1519 667 1560 Consulatum
704 1521 834 1572 gessit
866 1521 959 1573 pari
994 1519 1260 1572 fortitudine,

387 1583 463 1623 sed
494 1581 668 1623 fortuna
701 1584 830 1635 longe
863 1583 1049 1635 dispari3
1087 1596 1185 1623 nam
1215 1584 1259 1623 in

385 1647 524 1697 primo
553 1659 662 1686 anno
690 1650 783 1687 534.
813 1647 1090 1699 triumphavit
1123 1647 1175 1686 de
1204 1647 1259 1687 Il·

384 1710 534 1760 lyriis;
565 1711 607 1749 in
628 1709 814 1749 secundo
830 1721 943 1749 anno
963 1713 1057 1749 53⁷.
1077 1708 1132 1748 ad
1153 1710 1260 1750 Can-

386 1784 461 1811 nas
482 1772 654 1812 cecidit.
697 1773 850 1812 Filiam
869 1772 1016 1813 habuit
1034 1773 1261 1825 AEmiliam,

387 1848 482 1886 quae
521 1834 715 1874 Africani
750 1835 923 1886 majoris
959 1847 1083 1884 uxor,
1120 1839 1165 1874 et
1195 1848 1260 1876 lv.

385 1897 518 1936 filium
539 1898 735 1945 Lucium,
754 1897 822 1948 qui
843 1896 1034 1935 AEmilius
1060 1896 1133 1935 ille
1153 1896 1266 1936 Pau-

385 1962 451 2001 lus
471 1959 629 2011 duplici
659 1960 910 2010 Consulatu,
939 1959 1159 2012 tribusque
1190 1960 1263 1999 tri-

969 2110 1260 2164 AEMILII

439 2234 722 2276 ScAURORUM
741 2235 904 2276 familia
919 2235 1100 2276 obscura
1119 2236 1261 2277 admo-

388 2297 488 2337 dum
507 2297 591 2337 fuit
613 2299 666 2338 ab
697 2311 807 2339 anno
836 2300 968 2339 Urbis
988 2304 1082 2340 563.
1110 2313 1195 2352 quo
1212 2301 1262 2342 L.

388 2362 582 2402 AEmilius
609 2362 794 2402 Scaurus
814 2362 889 2403 sub
909 2363 1078 2403 AEmilio
1094 2363 1262 2416 Regillo

389 2427 539 2462 contra
575 2422 833 2463 Antiochum
869 2425 1072 2464 militasse
1108 2423 1262 2476 fertur,

386 2482 441 2525 ad
459 2497 614 2532 annum
631 2489 726 2527 638.
745 2499 828 2539 quo
848 2487 912 2526 Μ.
928 2487 1120 2528 AEmilius
1130 2489 1262 2528 Scau-

389 2558 461 2588 rus
487 2549 763 2590 Consulatum
796 2550 977 2602 adeptus
1004 2557 1088 2599 est,
1118 2556 1163 2592 et
1188 2552 1262 2592 ali-

387 2615 549 2663 quanto
569 2617 667 2662 post
685 2611 921 2652 Proconsul
953 2613 1008 2652 de
1035 2613 1263 2665 Liguribus

387 2672 648 2725 triumphum
684 2674 787 2726 egit,
829 2680 874 2714 et
912 2677 1075 2716 Censor
1110 2677 1265 2718 stravit

389 2736 503 2776 viam
519 2737 746 2789 AEmiliam,
767 2737 923 2791 diuque
937 2738 1119 2779 Senatus
1139 2740 1263 2780 Prin-

391 2809 494 2850 ceps
522 2799 566 2838 in
585 2799 710 2850 urbe,
742 2801 776 2840 si
805 2802 898 2853 quis
926 2813 1112 2854 unquam
1141 2803 1261 2855 civis,

391 2861 534 2911 potuit
566 2862 808 2912 plurimum.
863 2864 929 2902 Ex
963 2864 1136 2904 Caecilia
1167 2865 1262 2906 Me-

390 2923 483 2962 telli
515 2924 583 2963 Pii
612 2923 714 2975 filia,
750 2938 844 2978 quae
876 2931 1025 2977 postea
1058 2927 1105 2966 L.
1132 2928 1261 2980 Synae

390 2987 553 3039 nupsit,
570 2989 778 3029 AEmiliam
799 2990 977 3041 primum
1005 2990 1136 3031 Acilii
1161 2992 1261 3032 Gla·

391 3050 570 3101 brionis,
586 3056 676 3091 tum
694 3052 890 3103 Pompeii
911 3053 1061 3104 Magni
1089 3066 1263 3095 uxorem

393 3114 601 3165 suscepit,
631 3115 820 3167 duosque
844 3114 980 3166 filios;
1009 3128 1186 3167 quorum
1205 3119 1263 3157 al-

392 3182 472 3226 ter,
490 3177 600 3228 quod
619 3177 844 3217 stationem
861 3178 1127 3218 Cimbrorum
1148 3187 1265 3221 metu

394 3239 667 3291 deseruisset,
688 3241 935 3293 objurgatus
954 3253 979 3281 a
998 3249 1120 3294 patre
1139 3246 1265 3295 paulo

394 3300 552 3352 durius,
569 3311 749 3344 mortem
774 3303 851 3344 sibi
874 3305 1094 3345 conscivit.
1124 3317 1174 3346 11.
1194 3306 1267 3346 Al-

394 3370 463 3407 ter
495 3366 685 3419 Marcus,
715 3368 787 3408 ille
819 3367 1004 3408 Scaurus
1033 3369 1268 3422 AEdilitate,

395 3428 590 3468 ludorum
610 3436 833 3481 apparatu,
866 3437 908 3470 et
937 3432 1092 3471 theatri
1111 3434 1266 3483 magni-

394 3491 568 3532 ficentia
597 3493 855 3545 notissimus,
885 3495 954 3546 qui
986 3507 1037 3535 ex
1071 3496 1269 3536 Praetura

1320 825 1486 878 umphis
1521 824 1850 873 celeberrimus3
1892 835 1989 863 nam
2025 821 2197 863 Praetor

1322 901 1430 928 anno
1448 892 1543 929 564.
1564 888 1617 927 de
1637 888 1851 939 Hispania
1869 887 2090 937 ulteriore,
2112 887 2198 939 pri-

1321 964 1435 991 mum
1456 952 1618 991 Consul
1642 964 1752 991 anno
1767 954 1860 991 571.
1881 950 1935 990 de
1954 949 2199 1002 Liguribus,

1323 1015 1481 1055 Consul
1518 1016 1672 1055 iterum
1703 1027 1813 1054 anno
1849 1017 1943 1055 585.
1979 1014 2034 1053 de
2063 1014 2199 1053 Perse

1323 1077 1620 1130 triumphavit.
1652 1080 1770 1119 Duas
1785 1078 1935 1118 habuit
1948 1090 2100 1117 uxores
2113 1090 2125 1127 ;
2143 1089 2199 1117 ex

1324 1141 1476 1193 prima,
1498 1153 1592 1194 quae
1613 1141 1804 1193 Papyria
1822 1139 1918 1191 fuit,
1934 1140 2038 1180 duos
2057 1151 2202 1180 susce·

1325 1205 1391 1256 pit
1415 1205 1544 1255 filios,
1574 1204 1840 1256 totidemque
1868 1203 1992 1244 filias.
2046 1203 2084 1241 E
2103 1201 2201 1242 filiis

1325 1272 1430 1308 natu
1448 1268 1585 1319 major
1602 1267 1645 1306 in
1664 1273 1833 1317 gentem
1853 1266 2046 1316 Fabiam,
2063 1265 2202 1305 minor

1324 1330 1368 1369 in
1390 1329 1629 1370 Corneliam
1660 1329 1888 1380 adoptatus
1917 1333 1999 1368 est.
2055 1328 2200 1370 Quinte

1325 1393 1398 1433 ille
1420 1393 1474 1434 Q.
1507 1392 1667 1432 Fabius
1695 1391 1910 1431 Maximus
1939 1390 2204 1442 AEmilianus,

1326 1455 1395 1496 hic
1413 1468 1514 1496 vero
1543 1456 1595 1495 P.
1617 1454 1838 1495 Cornelius
1856 1454 2001 1507 Scipio
2018 1452 2204 1494 AEmilia·

1327 1531 1406 1558 nus
1435 1518 1576 1559 dictus
1611 1523 1691 1558 est.
1744 1517 1948 1556 Filiarum
1975 1517 2113 1556 altera
2143 1517 2204 1560 Q.

1327 1581 1437 1621 AElio
1481 1581 1695 1621 Tuberoni
1730 1579 1904 1631 nupsit;
1958 1580 2097 1620 altera
2134 1579 2199 1620 M.

1330 1644 1480 1684 Catoni
1514 1643 1705 1684 Censorii
1740 1642 1842 1682 filio.
1914 1642 1982 1682 Ex
2013 1641 2204 1682 secunda

1329 1719 1481 1758 uxore,
1520 1719 1644 1759 quam
1685 1716 1817 1745 senex
1850 1705 2050 1756 duxerat,
2095 1705 2202 1752 duos

1329 1771 1458 1810 etiam
1479 1775 1688 1820 genuerat
1704 1769 1842 1818 filios3
1869 1768 1943 1808 sed
1972 1780 2118 1808 eorum
2141 1769 2202 1808 al-

1330 1838 1398 1873 ter
1417 1833 1543 1884 paulo
1563 1838 1663 1872 ante
1682 1833 1816 1883 patris
1833 1831 1887 1871 de
1904 1832 2040 1871 Perse
2054 1831 2201 1873 trium-

1330 1897 1474 1950 phum,
1494 1896 1605 1936 alter
1625 1895 1772 1948 paucis
1792 1895 1941 1934 diebus
1961 1901 2061 1947 post
2079 1895 2201 1936 obiit.

1317 2110 1628 2165 SCAURI.

1328 2237 1567 2278 Sardiniam
1586 2236 2017 2289 sortitus,Sardorum
2033 2247 2204 2279 accusa-

1330 2300 1449 2340 tione
1481 2311 1558 2351 spe
1592 2299 1847 2339 Consulatus
1887 2299 2083 2351 dejectus
2120 2305 2204 2356 est.

1330 2363 1402 2402 Illi
1421 2374 1475 2402 ex
1494 2362 1638 2402 Mutia
1663 2374 1688 2402 a
1714 2362 1924 2415 Pompeio
1949 2362 2112 2415 Magno
2139 2374 2206 2403 re·

1332 2424 1512 2476 pudiata
1537 2431 1662 2465 natus
1691 2429 1774 2476 est,
1810 2437 1883 2466 111.
1911 2425 1976 2466 M.
2003 2426 2205 2477 Scaurus,

1331 2487 1403 2539 qui
1423 2493 1524 2538 post
1541 2488 1591 2528 C.
1611 2488 1795 2528 Caesaris
1820 2495 2001 2530 mortem
2025 2489 2205 2542 primum

1331 2550 1386 2589 ad
1415 2550 1612 2604 Brutum,
1629 2551 1783 2592 deinde
1803 2552 1858 2592 ad
1877 2552 2055 2594 Sextum
2076 2551 2204 2595 Pom-

1332 2613 1492 2666 peium,
1512 2619 1611 2667 post
1628 2614 1682 2654 ad
1709 2614 1942 2656 Antonium
1969 2615 2108 2670 fugit3
2137 2629 2206 2658 eo·

1331 2689 1414 2729 que
1433 2678 1548 2718 victo
1574 2678 1706 2718 vitam
1737 2677 1791 2719 ab
1811 2678 1998 2720 Octavio
2020 2680 2208 2721 obtinuit

1330 2741 1483 2781 Mutiae
1524 2742 1672 2782 matris
1718 2742 1930 2794 precibus.
1983 2754 2050 2785 ιν.
2085 2742 2207 2783 Illius

1327 2803 1442 2844 filins
1459 2803 1543 2845 fuit
1556 2805 1688 2844 Mam.
1718 2805 1921 2857 Scaurus,
1942 2805 2015 2858 qui
2034 2804 2113 2847 sub
2132 2806 2205 2846 Ti·

1330 2865 1452 2906 berio
1465 2867 1720 2920 eloquentiae
1736 2872 1780 2907 et
1794 2868 1955 2919 ingenii
1967 2868 2094 2908 laude
2109 2880 2206 2909 cum

1330 2927 1522 2980 floreret,
1551 2930 1753 2970 adulterii
1779 2941 1876 2971 cum
1897 2931 2018 2972 Livia
2034 2932 2206 2972 insimu-

1331 2992 1454 3043 latus,
1480 2991 1679 3032 hortante
1711 2993 1862 3042 Sextia,
1892 2994 2095 3047 conjuge,
2123 2994 2207 3035 sibi

1330 3060 1531 3095 cruentas
1549 3067 1697 3095 manus
1715 3056 1879 3096 intulit.

1384 3119 1448 3159 M.
1483 3118 1647 3170 Scauri,
1680 3120 1753 3171 qui
1781 3119 1965 3160 Senatus
1994 3118 2205 3172 Princeps

1331 3180 1428 3232 fuit,
1445 3181 1630 3221 indolem
1653 3181 1842 3222 breviter
1867 3182 2096 3235 descripsit
2113 3183 2208 3224 Sal-

1332 3241 1483 3282 lustius
1505 3243 1548 3282 in
1577 3243 1690 3283 bello
1717 3243 1994 3295 Jugurthino,
2021 3244 2084 3284 liis
2113 3254 2205 3285 ver-

1332 3305 1420 3345 bis:
1456 3306 1470 3327 ‘
1489 3305 1684 3346 AEmilins
1703 3307 1886 3347 Scaurus
1904 3309 2028 3347 homo
2040 3306 2210 3359 nobilis,

1333 3368 1530 3420 impiger,
1555 3367 1779 3419 factiosum,
1809 3368 1956 3408 avidus
1982 3370 2205 3421 potentiae,

1333 3433 1555 3482 honorum,
1582 3433 1855 3481 divitiarum3
1881 3438 2074 3474 ceterum
2102 3430 2207 3473 vitia

1332 3508 1406 3535 sua
1426 3497 1576 3536 callide
1596 3496 1848 3538 occultans.’
