2352 4022
411 294 516 347 204
938 310 1198 348 VALERII
1242 310 1484 348 MAX1M1
1530 313 1648 351 [AB.
1678 317 1716 352 Ι.

413 428 726 480 culanorum
747 435 764 457 ⁰
803 428 919 479 dux
947 427 1235 479 Mamilius
1257 428 1276 458 ‘¹
1318 427 1593 481 Octavius
1617 433 1827 498 magnis
1855 435 2064 487 viribus
2091 436 2232 490 inter

415 529 476 564 se
494 520 512 541 θ
549 517 941 574 concurrerent,
969 529 1035 563 ac
1062 518 1257 564 neutra
1284 510 1454 565 aciesf
1485 515 1826 582 aliquamdiu
1851 518 2054 584 pedem*
2070 521 2232 573 refer-

413 601 514 660 ret,
543 596 744 649 Castor
763 614 829 649 ac
847 597 1057 648 Pollux
1076 603 1097 633 g
1133 597 1513 651 Romanarum
1539 601 1780 666 partium
1805 608 2232 671 propugnatores

410 678 561 743 νίεἰ,ὴ
602 681 836 733 hostiles
862 682 1052 748 copias
1079 683 1297 749 penitus
1323 682 1629 736 fuderunt*

482 756 622 816 Item
660 765 804 816 bello
843 763 1222 818 Macedonico
1263 766 1330 818 P.
1357 766 1670 833 Vatinius,4
1707 768 1966 822 Reatinae
1992 772 2227 839 praefec-

409 846 572 901 turaef
611 848 711 911 vir,
761 854 928 901 noctu
954 848 1161 903 Urbem
1185 855 1396 919 petenS,
1433 853 1778 908 existimavit
1815 855 1957 908 duos
1993 856 2230 925 juvenes

1172 997 1461 1018 eeeeeeeeeeee

410 1080 563 1132 Copes.
583 1093 678 1120 cum
696 1082 796 1123 Vet.
818 1083 968 1123 Paulus
978 1084 1254 1125 posthumius.-
1283 1086 1405 1126 Leid.
1422 1091 1464 1127 7.
1498 1087 1662 1136 Paulus,
1690 1091 1734 1126 et
1763 1086 1816 1127 ab
1843 1086 1929 1126 alia
1948 1098 2075 1127 manu
2093 1085 2232 1128 Aulus.

407 1135 511 1173 Mox
533 1147 586 1173 ex
602 1134 753 1176 Atreb.
773 1136 950 1188 Pighius
979 1138 1098 1188 legit,
1131 1140 1338 1179 Mamilius
1360 1141 1557 1180 Octavus:
1583 1140 1746 1180 Brand.
1765 1144 1804 1180 1.
1824 1143 1865 1180 2.
1896 1140 1984 1191 alii,
2013 1141 2231 1187 Octavium

406 1187 479 1249 sed
499 1188 632 1239 iidem
652 1189 832 1241 variant,
857 1191 1069 1241 Manilius,
1090 1193 1278 1241 Manlius,
1298 1194 1481 1244 Emilius,
1501 1193 1628 1233 Aulus
1645 1193 1838 1244 Manlius,
1856 1196 2006 1245 lfa—4
2034 1194 2085 1234 In
2104 1194 2231 1235 codd.

406 1241 548 1291 P1ghii
569 1243 622 1282 P.
649 1243 852 1290 Valerius;
882 1245 942 1284 sic
962 1245 1091 1284 etiam
1113 1246 1157 1285 in
1178 1246 1298 1286 Leid.
1317 1251 1359 1286 5.
1379 1248 1535 1298 Copes.
1565 1247 1692 1288 Harl.
1711 1248 1836 1287 Voss.
1857 1251 1895 1288 1.
1914 1249 1956 1286 2.
1989 1251 2037 1287 et
2066 1247 2230 1287 Medic.

405 1298 442 1334 1.
462 1299 502 1334 2.
522 1299 561 1334 3.
580 1299 621 1336 4.
652 1297 704 1335 Ρ.
724 1297 910 1337 Latinius
930 1297 1082 1340 Heins.
1102 1303 1141 1339 1.
1172 1300 1248 1340 sed
1270 1312 1379 1340 corr.
1396 1301 1445 1341 Ρ.
1468 1300 1673 1351 Votienus,
1700 1300 1912 1352 quomodo
1932 1306 1998 1340 est
2016 1300 2061 1340 in
2081 1300 2231 1341 Heius.

406 1352 447 1387 2.
469 1353 514 1387 et
530 1361 597 1400 ap.
630 1350 722 1390 Cic.
758 1350 812 1390 de
847 1351 951 1391 Nat.
982 1353 1118 1392 Deor.
1151 1353 1227 1394 lib.
1260 1365 1312 1393 11.
1350 1354 1418 1394 ubi
1454 1359 1598 1394 tamen
1626 1353 1820 1394 nonnulli
1851 1353 1978 1394 codd.
2021 1353 2232 1394 Vatinius.-

406 1402 568 1454 Ultraj.
585 1406 624 1442 2.
641 1404 830 1454 exhibet,
843 1405 1077 1453 Mantinus,·
1097 1407 1228 1448 Barb.
1246 1411 1284 1448 1.
1300 1407 1544 1454 Nautinius;
1563 1408 1762 1447 Perizon.
1779 1412 1825 1447 et
1845 1407 1963 1447 Leid.
1975 1410 2017 1447 7.
2043 1406 2234 1454 Valinus;

406 1456 482 1494 sed
502 1456 569 1495 hic
593 1457 647 1497 ab
673 1458 756 1497 alia
781 1471 924 1509 manu,
959 1459 1142 1500 Vatinius
1152 1473 1166 1506 ,·
1194 1461 1314 1501 Leid.
1333 1464 1374 1501 2.
1394 1462 1543 1501 Paulus
1563 1462 1761 1501 Vatinius.
1818 1460 1925 1500 Mox
1953 1464 2070 1501 noctu
2099 1460 2233 1500 urbem

400 1513 533 1560 petens
550 1509 672 1551 deest
690 1511 733 1551 in
754 1512 874 1552 Leid.
896 1517 936 1552 5.
969 1518 1079 1554 nocte
1109 1514 1270 1554 habent
1291 1515 1410 1556 Leid.
1431 1519 1471 1555 2.
1494 1515 1648 1567 Ultraj.
1671 1519 1707 1555 l.
1735 1520 1779 1555 et
1800 1514 1949 1555 Rhem.
1968 1519 2007 1555 1.
2026 1517 2065 1555 2.
2095 1520 2143 1555 et
2172 1513 2232 1554 sic

1229 1634 1405 1675 NOTAE

461 1735 480 1763 ¹³
507 1737 561 1778 A.
602 1737 841 1790 Postumius]
871 1739 1023 1792 Albus,
1057 1745 1102 1781 et
1134 1753 1159 1781 a
1187 1742 1285 1782 lacu

405 1802 588 1852 Regillo,
615 1802 685 1841 ubi
707 1803 822 1854 vicit,
847 1805 1118 1855 Regillensis,
1139 1817 1192 1845 ex
1213 1817 1284 1845 no-

1352 1742 1447 1782 nius
1469 1742 1598 1782 etiam
1626 1742 1739 1781 inter
1758 1741 2027 1793 spoliandum
2048 1739 2233 1781 Mamilii

1345 1818 1507 1858 corpus
1529 1811 1680 1845 veruto
1700 1803 1954 1845 transfossus
1974 1803 2191 1845 occubuit.

406 1863 481 1904 bili
498 1865 840 1905 Posthumiorum
858 1873 1083 1907 stemmate
1099 1880 1110 1918 ;
1130 1868 1286 1920 primus

408 1933 506 1979 post
525 1929 572 1967 T.
595 1928 797 1979 Largium
819 1929 1032 1971 Dictator.

459 1997 477 2016 ⁰
510 1991 828 2042 Tusculanorum]
873 1993 997 2032 Ultra
1035 1994 1286 2043 Lanuvium,

404 2052 612 2103 Ariciam,
629 2059 674 2093 et
692 2053 905 2094 Albanum
927 2061 1114 2095 montem
1129 2057 1287 2095 Tuscu·

407 2118 493 2156 lum
516 2116 595 2156 fuit
619 2117 659 2155 in
679 2117 858 2157 collibus
878 2120 1032 2169 situn1;
1062 2119 1135 2159 ubi
1156 2120 1286 2160 etiam

406 2193 519 2220 nunc
542 2180 737 2220 visuntur
753 2181 949 2232 ingentes
971 2183 1168 2222 ruderum
1190 2184 1288 2223 reli·

407 2245 544 2297 quiae:
574 2257 597 2284 a
622 2245 840 2295 Telegono
860 2246 1027 2298 Ulyssis
1061 2250 1104 2286 et
1136 2246 1286 2287 Circes

407 2307 497 2347 filio
518 2305 736 2347 conditum
757 2308 930 2348 dicitur.
988 2310 1134 2361 Nunc,
1170 2311 1286 2351 Fres-

407 2370 502 2410 cati.

461 2431 480 2458 ‘¹
507 2431 733 2484 Mamilius]
759 2434 976 2486 Tarquinii
1001 2434 1186 2487 Superbi
1216 2447 1288 2487 ge·

411 2506 502 2535 ner.

463 2565 481 2584 θ
508 2560 674 2610 Magnis
708 2560 856 2600 viribus
887 2561 991 2600 inter
1020 2561 1081 2613 se]
1111 2561 1209 2601 Hac
1244 2562 1288 2601 in

408 2634 549 2674 pugna
579 2623 621 2662 id
657 2623 868 2675 singulare
899 2623 996 2676 fuit,
1027 2625 1138 2677 quod
1159 2624 1288 2665 duces

407 2697 552 2725 omnes
592 2686 707 2725 inter
744 2698 788 2725 se
821 2687 1023 2738 singulari
1055 2688 1289 2727 certamine

408 2749 716 2788 concurrerint.
769 2750 1022 2802 Tarquinius
1051 2751 1286 2802 Superbus,

408 2824 645 2864 quanquam
673 2812 765 2863 jam
797 2818 926 2853 aetate
951 2819 997 2854 et
1016 2813 1177 2853 viribus
1194 2827 1287 2865 gra·

409 2874 516 2926 vior,
553 2875 844 2915 Posthumium
880 2877 1179 2917 Dictatorem:
1223 2878 1288 2917 M.

406 2938 608 2977 Valerius
630 2939 867 2978 Publicolae
886 2938 1023 2979 frater
1040 2942 1087 2979 L.
1106 2941 1288 2992 Tarqui-

409 3002 550 3040 nium:
587 3002 817 3041 Octavium
836 3003 1087 3054 Mamilium,
1110 3003 1288 3055 primum

412 3063 597 3103 Ebutius
636 3064 845 3114 Magister
882 3066 1091 3116 equitum,
1133 3066 1288 3105 deinde

408 3128 456 3166 T.
482 3126 730 3166 Herminius
750 3128 916 3179 legatus
938 3127 1095 3167 infesto
1123 3129 1288 3180 spiculo

411 3191 554 3242 petiit.
608 3192 859 3244 Tarquinius
890 3191 932 3231 in
958 3193 1096 3232 latere
1129 3193 1238 3232 ictus
1264 3206 1289 3232 a

411 3255 498 3293 suis
519 3259 720 3306 receptus
737 3254 777 3293 in
799 3261 937 3294 tutum
958 3262 1049 3295 est:
1080 3256 1143 3294 M.
1161 3256 1288 3295 Vale-

411 3318 497 3357 rius
518 3324 678 3358 temere
699 3318 894 3358 invectus
912 3318 952 3356 in
966 3319 1138 3358 exulum
1154 3318 1289 3357 aciem

411 3381 594 3420 cecidit:
619 3381 776 3420 Ehutio
796 3381 1011 3421 brachium
1035 3382 1285 3433 trajectum:

412 3443 604 3484 Mamilio
632 3456 879 3495 percussum
912 3449 1078 3495 pectus,
1108 3450 1196 3483 tum
1229 3445 1288 3483 la-

412 3513 481 3547 tus
502 3506 553 3546 ab
572 3507 794 3548 Herminio
815 3506 1061 3550 transfixum
1079 3521 1088 3548 ς
1121 3507 1289 3548 Hermi-

1405 1867 1423 1894 ἶ
1439 1870 1594 1909 Neutra
1611 1868 1731 1919 acies]
1753 1869 1802 1908 In
1824 1868 1976 1909 dextro
1996 1879 2127 1908 cornu
2138 1867 2231 1919 jam

1356 1932 1516 1972 vicerat
1538 1932 1830 1981 Posthumius,
1858 1931 1901 1970 in
1929 1930 2103 1970 sinistro
2133 1941 2233 1969 acre

1354 2000 1570 2035 certamen
1589 2001 1703 2045 erat,
1731 1995 1932 2046 variaque
1953 2006 2118 2046 pugna:
2157 1992 2231 2033 do-

1354 2071 1434 2098 nec
1468 2058 1606 2098 occiso
1639 2059 1832 2098 Mamilio
1863 2056 2032 2109 equites
2054 2056 2232 2096 Romani

1354 2121 1518 2160 relictis
1538 2120 1658 2173 equis
1689 2122 1733 2160 in
1753 2120 1931 2172 primam
1951 2119 2084 2160 aciem
2105 2118 2232 2159 advo-

1354 2185 1468 2225 lant:
1500 2190 1588 2224 tum
1622 2185 1733 2224 enim
1763 2184 1950 2236 undique
1981 2182 2099 2223 facta
2116 2181 2232 2234 fuga,

1355 2249 1575 2300 multaque
1615 2248 1776 2297 caedes,
1817 2253 1863 2287 et
1900 2247 2047 2299 praeda
2080 2246 2232 2298 iugens

1355 2318 1481 2363 capta
1502 2317 1581 2351 est.
1636 2312 1673 2350 E
1692 2314 1759 2350 40.
1782 2310 2030 2350 Latinorum
2047 2308 2234 2349 millibus

1355 2375 1427 2414 vix
1448 2373 1560 2413 dena
1578 2373 1711 2412 mlllia
1731 2373 1902 2412 domum
1922 2371 2102 2412 rediere.

1409 2443 1429 2471 8
1455 2437 1596 2476 Castor
1607 2449 1652 2475 ac
1664 2435 1832 2487 Pollux]
1853 2436 2029 2474 Fratres
2050 2432 2234 2485 gemini;

1357 2500 1491 2552 quiet
1509 2498 1796 2551 Tyndaridae:
1828 2503 1874 2538 et
1906 2497 2070 2538 vicibus
2101 2497 2231 2536 alter-

1356 2563 1422 2602 nis
1445 2563 1550 2603 mori
1570 2567 1614 2601 et
1633 2561 1890 2601 reviviscere
1909 2560 2140 2608 dicuntur3
2169 2558 2232 2599 in-

1357 2639 1462 2679 gens
1493 2625 1628 2678 poetis
1660 2623 1848 2675 fingendi
1881 2622 2098 2663 materies.
2153 2621 2234 2661 Lo-

1357 2702 1453 2729 cum
1473 2688 1630 2728 fabulae
1652 2686 1772 2727 dedit
1792 2685 2070 2726 Geminorum
2089 2683 2131 2723 in
2149 2695 2234 2723 coe-

1355 2754 1396 2793 lo
1413 2757 1580 2802 natura,
1594 2762 1768 2803 quorum
1783 2749 1951 2789 oriente
1963 2747 2102 2788 altero
2120 2746 2234 2786 alter

1355 2815 1527 2856 occidit.

1408 2877 1428 2904 ¹¹
1456 2879 1775 2930 Propugnatores
1793 2874 1886 2927 visi]
1916 2873 2039 2915 Idem
2060 2873 2230 2925 Cicero,

1358 2941 1543 2992 Dionys.
1564 2946 1608 2979 et
1627 2939 1885 2979 Plutarchus
1906 2937 2116 2994 referunt.
2165 2938 2233 2977 Li-

1357 3005 1448 3044 vius
1470 3016 1568 3044 vero
1588 3003 1884 3043 Posthumium
1904 3001 2038 3042 aedem
2061 3000 2232 3040 Castori

1357 3068 1538 3117 vovisse,
1569 3066 1762 3106 miraculi
1794 3077 1879 3104 non
1909 3063 2126 3103 meminit:
2158 3061 2231 3101 ad·

1356 3130 1505 3182 ditque
1526 3128 1755 3168 Frontinus
1785 3128 1828 3168 id
1858 3139 1910 3167 eo
1942 3126 2229 3177 excogitatum

1357 3205 1382 3232 a
1412 3191 1676 3242 Posthumio,
1701 3203 1783 3244 quo
1814 3189 1980 3230 facilius
2001 3188 2158 3229 milites
2178 3187 2231 3227 ad

1358 3269 1541 3309 pugnam
1560 3255 1820 3294 hortaretur.

1410 3318 1434 3341 ³¹*
1462 3318 1546 3358 Au.
1578 3318 1642 3357 M.
1677 3320 1798 3363 3559.
1861 3315 1934 3356 ol.
1954 3317 2078 3355 71.2.
2121 3312 2230 3355 Urb.

1357 3381 1407 3421 c,
1427 3384 1521 3420 258.
1570 3378 1672 3418 Ant.
1688 3367 1766 3418 ch.
1785 3381 1881 3418 494.

1411 3442 1421 3469 i
1451 3442 1631 3483 Reatinoe
1659 3439 1923 3493 pra’secluroe]
1951 3441 2098 3480 Reate
2110 3439 2230 3492 oppi-

1358 3506 1457 3548 dum
1478 3504 1560 3546 fuit
1578 3503 1850 3558 Sabinorum,
1870 3515 1982 3544 nunc
1997 3503 2128 3555 Rieti,
2147 3514 2231 3556 quo
