2352 4022
799 627 1274 701 VALERII

1367 628 1755 701 MAXIM
1763 627 1803 699 I

418 806 856 860 FACTORUM
896 807 1494 872 DICTORUMQUE
1535 805 2182 861 MEMORABILIUM

1102 967 1384 1029 LIBER
1444 967 1504 1027 Ι.

1165 1292 1338 1346 CAP.
1379 1293 1427 1345 Ι.

988 1403 1095 1456 DE
1146 1403 1613 1456 RELIGIONE.

677 1524 756 1554 GBS
765 1524 943 1555 ERVATA

471 1585 510 1626 A
525 1586 681 1638 populo
702 1587 822 1627 Rom.

472 1642 521 1680 L.
545 1640 724 1680 Metello
744 1640 874 1680 Pont
891 1640 1010 1681 Max.

468 1694 529 1734 Ti.
546 1693 746 1734 Graccho
764 1699 808 1734 et
826 1695 948 1735 Coss.

465 1747 547 1787 Sac
549 1747 744 1787 erdotum
764 1748 972 1799 collegiis,

469 1801 524 1843 Q.
544 1801 652 1842 Fab.
672 1801 776 1842 dict.
789 1801 899 1842 etC.
922 1800 1130 1842 Flaminio
1149 1814 1262 1854 mag.

466 1907 519 1947 P.
494 1866 697 1947 qurasso
715 1907 846 1948 Pont.
863 1908 984 1949 Max.

466 1960 645 2001 AEmiliae
661 1962 848 2001 Vestalis
868 1961 1089 2015 discipula

469 2015 532 2054 M.
553 2015 766 2055 Marcello
787 2026 831 2054 v.
852 2015 954 2055 Cos.

465 2069 513 2108 L.
536 2069 666 2108 Furio
681 2068 893 2109 Bibaculo
914 2073 1114 2121 praetore.

418 1590 438 1626 1

415 1644 442 1680 2

414 1697 439 1733 3

411 1750 437 1786 4

415 1805 439 1839 5

410 1911 438 1947 6

410 1965 434 2000 ‘7

412 2017 438 2053 8

411 2072 438 2107 9

411 2125 437 2160 0
465 2121 514 2162 L.
531 2121 733 2162 Alvanio.

387 2124 404 2160 1

1334 1519 1383 1556 11
1415 1516 1462 1555 C.
1482 1515 1616 1555 Fabio
1637 1516 1849 1558 Dorsone.

1333 1573 1385 1610 12
1413 1570 1468 1611 Q.
1488 1570 1648 1610 Petilio
1666 1571 1850 1622 Spurino
1871 1576 1995 1623 praet.

1333 1626 1382 1662 13
1413 1624 1460 1662 L.
1477 1624 1706 1675 Tarquinio
1727 1636 1844 1676 rege.

1331 1680 1383 1716 14
1411 1677 1476 1715 Μ.
1498 1675 1628 1716 Atilio
1651 1678 1828 1730 Regulo.

1331 1733 1382 1769 15
1411 1730 1574 1770 Senatu
1593 1731 1799 1771 Romano.

1643 1804 1882 1835 NEGLECTA

1330 1858 1382 1895 16
1411 1854 1448 1894 Α
1464 1856 1513 1896 C.
1531 1855 1739 1896 Terentio
1756 1858 1964 1897 Varrone.

1331 1912 1381 1948 17
1411 1909 1496 1960 Ap.
1516 1909 1643 1950 Caeco
1662 1915 1707 1949 et
1728 1916 1859 1962 gente
1882 1909 2059 1950 Potitia.

1332 1966 1384 2002 18
1411 1963 1556 2003 Milite
1578 1963 1772 2003 Romano
1791 1970 1838 2003 et
1855 1963 2029 2003 Brenno
2046 1962 2189 2004 Gallo.

1332 2019 1383 2055 19
1411 2016 1465 2056 Ρ.
1479 2016 1676 2057 Turullio
1695 2017 1904 2067 praefecto
1922 2018 2086 2057 classis.

1329 2072 1383 2108 20
1411 2071 1467 2112 Q.
1490 2070 1644 2111 Fulvio
1663 2071 1820 2111 Flacco
1837 2083 1952 2111 cens.

1325 2126 1377 2162 21
1408 2124 1463 2166 Q.
1484 2123 1698 2164 Pleminio
1719 2125 1862 2176 legato
1880 2128 2163 2176 propraetore.

551 2206 769 2236 EXTERNA
797 2206 1025 2236 EXEMPLA
1052 2205 1331 2237 OBSERVATAE
1361 2207 1449 2236 VEL
1478 2207 1728 2239 NEGLECTAE
1755 2209 2040 2240 Rssnlmoms.

410 2267 431 2304 1
464 2262 654 2313 Pyrrhus
675 2264 946 2315 Epirotarum
967 2275 1060 2303 rex.

411 2320 438 2356 2
466 2316 720 2356 Massinissa
738 2317 1034 2357 Numidarum.

407 2373 432 2408 3
465 2369 696 2420 Dionysius
716 2370 848 2422 major
866 2370 1119 2410 Siculorum.

406 2426 433 2462 4
460 2421 750 2463 Timasitheus
777 2423 1122 2475 Liparitanorum
1143 2421 1260 2474 prin-

491 2487 608 2528 ceps.

1359 2268 1383 2302 5
1413 2263 1650 2305 Alexandri
1671 2265 1784 2317 regis
1803 2265 1979 2306 milites.

1358 2320 1386 2356 6
1413 2317 1577 2357 Persae.

1357 2372 1383 2408 7
1411 2368 1712 2412 Athenienses,

1355 2425 1381 2461 8
1409 2423 1651 2464 Diomedon
1670 2423 1998 2465 Atheniensium
2019 2421 2116 2462 dux.

852 2608 933 2646 DE
976 2608 1322 2647 RELIGIONE
1363 2609 1751 2650 OBSERVATA.

385 2713 438 2764 1.
480 2692 809 2765 MAsomzs
850 2712 1146 2780 [nostrin]
1189 2716 1366 2766 statas
1408 2715 1769 2784 solennesque
1808 2707 2215 2779 caerimonias,¹’'

381 2795 716 2849 Pontificum
758 2797 1063 2864 scient1a30
1099 2798 1241 2850 bene
1286 2798 1642 2864 gerendarum
1681 2816 1861 2854 rerum
1905 2802 2205 2855 auctorita-

1152 2919 1444 2936 mmmm

435 2998 456 3033 1
487 2995 649 3035 Vocem
667 2995 793 3035 nostri
812 2995 932 3036 uncis
953 2995 1126 3035 inclusit
1147 2996 1360 3049 Kappius,
1387 3010 1515 3050 qnam
1534 2998 1654 3038 Leid.
1676 3004 1790 3049 octo,
1823 2997 2012 3039 Gudiani
2045 3009 2208 3046 omneS,

1212 3103 1389 3145 NOTAE

432 3186 451 3207 ²
477 3180 650 3231 Mnjores
678 3182 822 3234 nostri]
850 3181 937 3223 Hic
969 3183 1103 3234 locus,
1145 3184 1258 3236 quod

378 3256 606 3296 operarum
626 3246 895 3298 negligentia
928 3251 1159 3299 corruptus
1189 3247 1258 3293 sit,

379 3306 504 3347 aliter
522 3307 575 3347 ab
599 3307 693 3347 aliis
711 3308 886 3360 legitur.
945 3309 987 3349 N
991 3321 1037 3349 os
1058 3309 1258 3361 Pighium

379 3371 519 3411 secuti
538 3384 694 3423 sumus,
719 3373 790 3426 qui
811 3373 1036 3425 praeclare,
1065 3379 1114 3412 ut
1133 3373 1260 3424 solet,

376 3433 496 3474 illum
530 3435 779 3476 emendavit
815 3447 871 3476 ex
907 3436 1127 3476 Ciceronis
1164 3448 1257 3475 ora-

377 3496 494 3536 tione
521 3496 574 3537 de
605 3496 858 3550 Aruspicum
881 3498 1113 3551 responsis,
1140 3498 1254 3539 unde

1326 3191 1397 3225 tan
1405 3191 1492 3225 tum
1512 3197 1597 3225 non
1618 3184 1671 3224 ad
1689 3183 1862 3224 verbum
1881 3193 2105 3234 expressus
2124 3186 2210 3224 est.

1328 3247 1548 3288 Ciceronis
1564 3259 1664 3286 vero
1681 3247 1818 3286 locum
1834 3258 1847 3295 ς
1866 3256 1961 3285 cum
1977 3249 2022 3284 et
2034 3249 2205 3284 senten-

1326 3310 1398 3350 tiae
1428 3309 1668 3359 sententiis,
1695 3313 1740 3348 et
1774 3306 1907 3347 verba
1939 3306 2081 3346 verbis
2112 3305 2204 3347 fere

1326 3371 1716 3424 respondeant,hic
1737 3369 1956 3410 ascribere
1976 3369 2078 3408 nihil
2098 3381 2203 3421 opus

1325 3441 1407 3476 est.

1374 3498 1393 3525 ὓ
1411 3497 1550 3538 Status
1566 3498 1809 3548 solemnesque
1825 3492 2086 3546 caertmonias]
2104 3493 2201 3535 Hoc
