2294 3990
1026 312 1295 354 M1L1T1A.

239 431 339 492 fuit,
368 451 476 480 unus
507 438 791 488 hastatorum,
821 437 933 476 alter
964 434 1121 487 priuci-

241 516 362 556 pum,
383 503 536 543 tertius
553 502 793 543 triariorum
809 514 822 551 ;
850 501 988 552 prima
1005 498 1122 538 frons

239 569 508 608 hastatorum
528 567 764 619 manipulos
791 576 948 613 omueS,
981 575 1035 603 ex
1060 563 1119 602 le-

240 632 435 685 gionibus
455 631 629 684 singulis
649 631 814 678 decem,
841 641 895 669 ex
924 627 1119 667 omnibus

238 696 522 748 quadraginta
541 694 725 734 habebat
742 706 753 732 :
783 691 974 731 hastatos
991 690 1123 729 inter-

232 759 358 811 jecto
394 758 534 810 spatio
569 755 843 809 excipiebant
879 753 1121 806 principum

237 822 422 863 totidem
451 821 672 872 manipuli.
739 818 893 859 Triarii
925 829 1045 867 vero,
1078 817 1121 856 in

239 886 396 940 quibus
414 885 597 925 maxima
617 894 717 935 spes
735 880 943 933 victoriae,
974 880 1016 920 in
1046 881 1119 925 eir·

239 956 417 990 tremam
437 947 572 987 aciem
593 945 772 998 rejecti:
800 944 865 983 his
894 943 937 983 in
963 941 1117 983 mediis

237 1014 354 1054 inter
387 1010 618 1052 secundam
643 1009 781 1050 aciem
812 1012 858 1048 et
887 1013 1116 1061 utrumque

236 1088 371 1117 cornu
405 1073 736 1116 extraordinarii
773 1076 897 1112 erant
929 1070 1116 1123 pedites,

233 1140 341 1180 duas
375 1140 419 1180 in
449 1143 594 1192 partes
625 1137 846 1186 distincti3
876 1135 922 1175 in
941 1147 1023 1175 una
1040 1146 1115 1174 sex

233 1204 456 1256 manipuli,
482 1214 559 1243 sex
583 1202 688 1242 item
707 1201 750 1240 in
769 1201 920 1240 altera.
976 1199 1037 1239 Ut
1056 1199 1114 1238 le-

232 1267 382 1318 giones
403 1279 428 1306 a
446 1264 701 1318 legionibus,
732 1265 791 1303 ita
817 1264 871 1303 ab
891 1262 1112 1303 ordinibus

233 1330 419 1379 ordines,
452 1334 498 1369 et
515 1342 539 1369 a
558 1328 783 1381 manipulis
803 1328 1008 1378 manipuli
1028 1326 1112 1365 dis-

226 1393 385 1444 juncti,
420 1393 510 1433 sive
531 1391 610 1431 viis
641 1391 732 1431 sive
768 1390 1022 1439 intervallis,
1054 1388 1114 1428 in-

233 1462 300 1496 ter
319 1455 556 1506 manipulos
574 1453 778 1504 angustis,
794 1451 907 1492 inter
925 1452 1112 1502 legiones

229 1525 278 1559 et
296 1518 466 1559 ordines
486 1517 725 1568 latioribus,
753 1515 797 1555 in
824 1514 977 1567 quibus
995 1514 1113 1555 nullo

229 1589 348 1622 certo
369 1582 516 1622 ordine
536 1580 722 1632 dispersi
740 1579 922 1619 Velites.

284 1644 480 1694 Evocati,
512 1643 578 1683 vel
608 1655 704 1682 cum
723 1642 1007 1694 Imperatore,
1041 1642 1110 1682 vel

228 1708 272 1748 in
291 1707 532 1760 manipulis,
550 1707 814 1759 pugnabant,
835 1710 883 1746 ut
908 1706 1000 1745 aliis
1018 1706 1107 1745 ani-

229 1784 319 1812 mos
349 1771 572 1812 adderent.
629 1771 911 1812 Centuriones
944 1770 988 1809 in
1021 1771 1107 1810 suis

226 1835 382 1886 singuli
399 1834 619 1886 centu-riis.
672 1834 851 1874 Tribuni
871 1834 942 1874 alii
962 1835 1044 1874 alia
1062 1835 1106 1875 in

226 1904 367 1948 parte,
397 1901 527 1949 prout
567 1909 636 1937 res
677 1896 897 1949 poscebat.
952 1897 1107 1949 Legati

226 1961 311 2001 duo
348 1960 529 2001 mediam
573 1960 707 2000 aciem
756 1960 977 2012 regebant,
1021 1961 1106 2001 duo

226 2030 454 2078 utrumque
473 2037 619 2077 cornu,
636 2026 749 2065 alter
768 2026 964 2066 alterum.
1021 2026 1106 2066 Im·

225 2093 399 2139 perator
425 2100 591 2128 omnem
621 2088 876 2139 exercitum,
910 2095 955 2128 et
988 2102 1104 2142 saepe

221 2150 411 2191 Triarius
445 2151 556 2192 inter
574 2156 620 2191 et
638 2151 864 2204 Principes
884 2153 1013 2204 paulo
1033 2166 1105 2193 an-

224 2218 270 2252 te
305 2213 467 2267 aquilas
504 2226 602 2254 cum
622 2213 817 2255 Abiectis
850 2222 896 2257 et
925 2217 1102 2259 cohorte

1967 295 2072 352 101

1192 430 1404 472 Praetoria
1419 428 1696 471 consistebat.

1243 495 1454 548 Manipuli
1484 495 1544 535 ita
1573 495 1616 533 in
1637 492 1843 546 quadrum
1864 491 2075 543 dispositi,

1189 567 1238 600 ut
1263 560 1364 599 inde
1383 558 1592 612 quadrata
1612 558 1746 597 totius
1775 555 1957 607 legionis
1988 553 2075 595 for-

1189 637 1258 664 ma
1277 624 1511 673 existeret;
1539 622 1582 661 in
1602 621 1778 673 singulis
1809 620 1922 660 enim
1948 624 2075 659 erant

1189 688 1316 728 lineae
1356 686 1609 736 duodecim3
1649 685 1693 724 in
1731 684 1908 734 singulis
1946 684 2071 723 lineis

1190 750 1291 791 deni
1307 752 1480 803 milites,
1496 752 1575 791 hoc
1590 755 1672 800 est,
1691 750 1733 789 in
1753 749 1930 800 legionis
1946 748 2074 801 Poly·

1190 813 1329 854 bianae
1360 818 1480 854 4200.
1523 815 1662 867 prima
1692 812 1834 853 fronte
1866 817 2069 862 centum3

1186 879 1442 919 Triariorum
1464 879 1577 917 enim
1598 883 1722 917 erant
1750 882 1918 917 tantum
1946 876 2070 916 lineae

1186 943 1353 992 decem,
1383 946 1428 982 et
1458 941 1502 980 in
1540 941 1720 993 singulis
1756 941 1914 980 milites
1952 939 2070 980 deni.

1184 1006 1302 1047 Ante
1319 1005 1486 1047 Velites
1507 1005 1745 1057 institutos,
1774 1017 1871 1045 cum
1894 1003 2070 1044 Rotarii

1184 1075 1231 1111 et
1267 1069 1453 1110 Accensi
1489 1069 1531 1108 in
1569 1069 1699 1110 tertio
1732 1074 1879 1109 essent
1900 1069 2067 1120 agmine

1185 1147 1282 1175 cum
1299 1133 1502 1184 Triariis;
1532 1133 1638 1174 inire
1666 1144 1851 1185 pugnam
1877 1133 2067 1172 hastato-

1183 1209 1274 1237 rum
1306 1196 1407 1248 fuit,
1447 1201 1602 1250 postea
1634 1196 1857 1236 Velitum:
1900 1196 1950 1248 si,
1983 1208 2065 1236 nec

1182 1261 1265 1312 ipsi
1292 1272 1374 1301 nec
1408 1260 1569 1300 hastati
1588 1259 1845 1299 sustinendis
1872 1258 2067 1299 hostibus

1181 1336 1306 1376 pares
1337 1328 1495 1374 essent,
1529 1323 1734 1364 continuo
1771 1322 1882 1375 pede
1914 1333 2067 1374 presso

1180 1400 1259 1441 per
1275 1389 1502 1429 intervalla
1532 1399 1642 1440 pone
1671 1387 1889 1439 principes
1921 1399 1967 1427 se
1998 1398 2065 1426 re-

1180 1452 1324 1503 cipere
1373 1451 1584 1492 solebant.
1658 1451 1767 1490 Tum
1822 1450 2065 1502 principum

1180 1527 1327 1568 pugna
1347 1520 1471 1566 erat;
1499 1514 1614 1567 apud
1647 1526 1766 1567 quoS‚
1798 1514 1833 1554 si
1853 1526 1934 1554 nec
1955 1514 2062 1554 satis

1179 1591 1386 1631 prospere
1423 1584 1639 1620 certatum
1675 1583 1809 1630 esset,
1866 1591 1892 1617 a
1927 1578 2064 1630 prima

1178 1644 1273 1684 acie
1292 1644 1344 1684 ad
1363 1644 1548 1684 Triarios
1566 1644 1723 1684 sensim
1743 1642 2062 1684 referebantur.

1176 1706 1285 1747 Inde
1316 1719 1406 1747 rem
1434 1707 1489 1747 ad
1519 1706 1709 1747 Triarios
1743 1705 1934 1758 rediisse,
1963 1718 2061 1747 cum

1175 1770 1463 1822 laborabatur,
1473 1771 1702 1823 proverbio
1716 1774 1967 1823 usurpatum
1980 1776 2063 1811 est.

1174 1834 1261 1874 Ubi
1280 1835 1441 1875 hastati
1461 1839 1506 1875 et
1525 1835 1741 1887 principes
1761 1835 1804 1874 in
1832 1835 2062 1875 intervalla

1173 1902 1369 1943 ordinum
1415 1903 1599 1955 recepti,
1653 1902 1860 1943 continuo
1904 1901 2061 1942 Triarii

1172 1967 1429 2019 compressis
1463 1967 1683 2008 ordinibus
1716 1967 1805 2007 vias
1839 1966 2058 2018 claudere,

1171 2042 1342 2083 unoque
1362 2032 1611 2072 continente
1630 2032 1799 2084 agmine
1818 2032 1860 2071 in
1889 2032 2057 2071 hostem

1169 2091 1291 2143 ferri,
1321 2098 1497 2146 tumque
1529 2099 1665 2147 certa,
1697 2099 1774 2136 aut
1799 2095 1960 2143 clades,
1982 2102 2058 2138 aut

1169 2157 1366 2199 victoria.

389 2425 518 2487 DE
582 2426 901 2507 SIGNIS,
968 2432 1282 2512 ARMIS,
1349 2434 1885 2519 STIPENDIIS‚

636 2536 1057 2616 PRAEMus,
1127 2541 1245 2603 ET
1313 2544 1627 2608 POENIS.

994 2685 1261 2744 SIGNA.

270 2801 421 2842 Simu
449 2802 533 2843 alia
563 2804 757 2856 peditum
791 2806 980 2863 fuerunt,
1013 2813 1097 2854 alia

216 2864 422 2916 equitum,
456 2866 540 2906 alia
567 2868 763 2922 legionis,
794 2873 875 2912 alia
904 2876 1094 2928 manipu-

216 2927 366 2969 lorum.
416 2929 605 2971 Primum
625 2933 800 2985 quidem
820 2935 992 2990 Aquila,
1011 2941 1095 2980 Lu·

217 3002 311 3042 pus,
329 2991 597 3034 Minotaurus
631 3007 684 3035 ex
717 2998 919 3052 Vegetio,
946 3003 1093 3055 Equus

216 3058 264 3094 et
284 3054 405 3107 Aper
423 3067 477 3096 ex
509 3057 675 3109 Plinio;
714 3066 802 3102 tum
825 3076 913 3115 prae
933 3069 1091 3109 ceteris

214 3115 501 3169 principatum
521 3118 708 3161 obtinuit
737 3121 914 3176 Aquila,
934 3133 983 3167 ut
997 3129 1090 3170 aliis

212 3177 256 3217 in
274 3179 424 3220 castris
447 3181 611 3222 relictis
642 3185 730 3225 sola
748 3186 790 3226 in
809 3189 902 3229 acie
920 3192 1090 3234 ordines

214 3243 426 3284 anteiret:
472 3258 598 3298 quam
636 3247 823 3302 denique
857 3253 905 3294 C.
927 3254 1090 3299 Marius

213 3305 444 3347 secundum
463 3309 637 3361 Consul,
654 3317 854 3366 tanquam
874 3314 980 3357 felix
1001 3320 1087 3360 vic·

214 3368 418 3412 toi-iarum
455 3384 594 3425 omen,
625 3377 860 3428 repudiatis
889 3381 1000 3433 aliis,
1025 3385 1086 3425 le-

211 3431 406 3485 gionibus
426 3435 626 3478 Romanis
655 3445 937 3487 consecravit.
987 3448 1087 3490 Fuit

209 3492 369 3548 Aquila
410 3509 582 3541 aureum
620 3503 772 3555 aquilae
810 3506 1086 3555 simulacrum

1162 2815 1296 2857 hastae
1336 2819 1573 2871 praepilatae
1605 2819 1802 2863 suffixum
1820 2837 1831 2864 ε
1875 2824 2044 2876 signum

1160 2881 1338 2932 legionis
1350 2890 1446 2924 erat
1460 2886 1678 2937 Romanae,
1688 2900 1773 2927 una
1782 2888 1921 2940 unius,
1932 2890 2047 2930 inter

1159 2943 1347 2985 'ri-iarios
1367 2947 1517 2998 primae
1529 2950 1716 2990 cohortis
1729 2962 1897 3003 semper
1912 2953 2043 2992 collo-

1160 3013 1277 3060 cata,
1293 3021 1374 3051 nec
1394 3012 1507 3051 enim
1527 3006 1737 3054 sociorum
1754 3013 1837 3055 fuit
1853 3028 1933 3055 nec
1954 3027 2044 3055 ma·

1157 3073 1425 3125 nipulorum:
1447 3079 1599 3127 quibus
1609 3080 1692 3120 alia
1701 3081 1894 3132 quaedam
1904 3081 2043 3130 signo-

1157 3148 1250 3176 rum
1261 3150 1420 3189 genera
1438 3137 1569 3181 fuisse
1589 3143 1885 3193 perhibentur.
1940 3142 2040 3182 Pri-

1156 3212 1270 3241 mum
1287 3200 1392 3242 foeni
1406 3204 1613 3256 manipuli
1630 3216 1654 3244 e
1672 3204 1847 3256 perticis
1863 3217 2040 3257 suspen·

1157 3264 1193 3304 si
1205 3278 1216 3304 ε
1227 3265 1383 3306 deinde
1394 3267 1435 3306 in
1445 3280 1607 3308 summa
1617 3273 1741 3319 parte
1754 3268 1888 3307 hastae
1904 3272 2038 3309 trans-

1156 3339 1325 3369 versum
1363 3330 1592 3382 ligneolum
1627 3331 1747 3370 cruci
1783 3331 1895 3371 haud
1928 3333 2040 3373 absi-

1152 3390 1255 3431 mile
1272 3405 1283 3432 :
1328 3397 1417 3432 tum
1447 3405 1502 3434 ex
1535 3394 1738 3444 ligneolo,
1766 3398 1811 3433 et
1851 3393 2036 3436 orbiculi

1153 3458 1199 3492 et
1214 3454 1399 3506 clypeoli
1435 3456 1628 3507 appensi,
1659 3467 1791 3508 supra
1820 3470 1927 3510 quos
1945 3472 2035 3501 ma-

1151 3527 1229 3556 nus
1247 3518 1495 3559 eminebat:
1541 3518 1726 3573 denique
1757 3521 1800 3562 in
1830 3522 2032 3568 orbiculis
