2352 4022
397 323 504 376 260

397 459 583 526 ibique
609 474 684 511 ex
711 456 864 509 Ditis
901 454 1119 522 patris?
1155 459 1211 504 et
1258 452 1620 522 Proserpinae
1667 470 1764 506 ara
1801 457 1976 524 petita
2018 457 2224 522 calda,b

394 541 799 596 recreasset.’22
872 540 957 591 Eo
1001 537 1268 605 praedicto
1287 545 1328 576 ²³
1371 555 1704 607 magnopere
1746 541 2028 606 confusuS,
2066 543 2219 610 quod

395 634 448 681 et
472 630 636 695 longa
673 631 728 678 et
771 623 1083 692 periculosa
1121 624 1400 690 navigatio
1446 624 1858 691 imperabatur3
1897 642 1998 694 spe
2036 630 2222 680 tamen

394 713 564 764 dubia
584 712 914 777 praesentem
938 710 1138 758 metum
1154 712 1202 744 ²4
1237 708 1514 771 vincente,
1538 724 1741 775 pueros
1767 709 1838 760 ad
1855 710 2033 778 ripam
2050 711 2218 763 Tibe-

389 799 466 849 ris
492 796 736 864 protinus
758 792 975 854 detulit,
1011 790 1328 861 (habitabat
1352 794 1493 845 enim
1522 794 1580 844 in
1616 793 1752 846 villa
1792 800 1956 846 sua>²⁵
1992 799 2219 863 propter

388 883 572 932 vicum
599 877 824 929 Sabinae
852 876 1088 942 regionis
1117 877 1376 942 Eretum,)
1393 876 1438 909 ²⁶
1458 885 1477 906 ⁶
1514 894 1581 930 ac
1607 878 1803 930 lintred
1831 878 2052 932 Ostiam
2069 885 2099 947 ⁸¹
2117 879 2218 947 pe·

387 970 530 1026 tenS,
552 966 711 1014 nocte
736 961 1010 1013 concubia
1037 962 1108 1014 ad
1137 962 1406 1015 Martium
1432 980 1691 1032 campum
1710 959 1728 991 f
1761 963 2003 1032 appulit.
2078 963 2216 1016 Siti-

386 1050 708 1115 entibusque
733 1047 892 1114 aegris
919 1063 1240 1100 succurrere
1268 1050 1572 1117 cupiens,2⁷
1610 1049 1735 1116 igne
1778 1049 1836 1100 iu
1859 1049 2082 1116 navigio
2107 1064 2218 1100 non

388 1124 734 1202 suppetente,
771 1149 845 1184 ex
886 1133 1247 1199 gubernatore
1293 1133 1602 1200 cognoscit,
1644 1133 1791 1186 haud
1817 1133 2014 1202 procul
2040 1149 2216 1202 appa-

904 335 1162 373 VALERIJ
1207 333 1446 370 MAXIMI
1490 334 1610 373 LI‘B.
1654 335 1719 372 11.

1147 1268 1444 1283 eeeeeeeeeeee

382 1366 482 1405 Vet.
510 1366 801 1416 potasset.—22
831 1362 900 1402 Ita
932 1361 1110 1413 Pighius
1141 1372 1195 1400 ex
1232 1360 1381 1412 Camp.
1418 1367 1464 1401 et
1490 1361 1555 1401 sic
1593 1360 1754 1401 Brand.
1794 1366 1832 1403 1.
1864 1365 1905 1401 2.
1942 1360 2073 1401 Barb.
2101 1364 2141 1401 1.
2172 1365 2216 1403 2.

381 1421 530 1459 erem.
552 1422 591 1458 2.
614 1423 653 1459 3.
685 1417 844 1456 Medic.
863 1419 904 1455 4.
941 1416 1092 1467 Ultraj.
1114 1419 1150 1455 1.
1170 1419 1209 1454 2.
1240 1421 1287 1454 et
1319 1415 1517 1456 Perizon.
1546 1416 1675 1466 petita
1705 1428 1809 1467 aqua
1835 1415 1982 1465 calida,
2010 1425 2124 1464 quam
2153 1414 2216 1454 ini

378 1475 656 1519 desiderarent,
682 1475 894 1510 recreasset
913 1469 1013 1508 Ald.
1029 1476 1075 1510 et
1094 1469 1239 1508 Chalc.
1266 1468 1391 1519 petita
1410 1481 1510 1520 aqua
1527 1469 1656 1509 calida
1675 1482 1789 1520 qaam
1817 1469 1879 1508 illi
1908 1468 2135 1508 desiderant
2168 1469 2213 1508 in

380 1526 591 1566 nonnullis
609 1540 619 1565 ε
647 1525 919 1565 desiderarant
938 1523 1062 1563 Harl.
1083 1523 1206 1562 Voss.
1234 1528 1278 1560 et
1300 1521 1423 1562 Leid.
1443 1526 1593 1562 6.—-23
1625 1523 1685 1562 Eo
1701 1523 1807 1562 dicto
1828 1527 2013 1576 quatuor
2031 1521 2211 1562 Torren-

382 1581 450 1619 Εειἱ
467 1580 652 1631 proedicto
671 1578 791 1619 Leid.
812 1580 960 1617 6.-24
992 1576 1141 1616 Codex
1175 1575 1377 1615 Perizon.
1407 1577 1566 1627 Ultraj.
1599 1580 1638 1615 1.
1673 1577 1773 1615 Vat.
1808 1579 1846 1616 1.
1879 1580 1926 1615 et
1952 1575 2083 1616 Barb.
2105 1579 2143 1615 1.
2171 1579 2213 1616 2.

378 1646 483 1685 spem
503 1638 534 1674 t.
554 1633 710 1672 dubiam
728 1635 915 1682 praesente
934 1635 1060 1669 metu.-
1092 1630 1213 1669 Harl.
1241 1641 1348 1679 spem
1366 1629 1455 1668 inde
1470 1630 1627 1669 dubiam
1642 1633 1834 1681 prasente
1853 1633 1987 1669 metu:
2017 1629 2141 1673 Leid.
2169 1633 2210 1670 2.

380 1693 426 1726 et
447 1687 546 1726 Vat.
562 1699 628 1738 spe
642 1691 770 1725 tamen
787 1684 903 1723 dubia
920 1687 1111 1735 praesente
1129 1686 1354 1722 mem—25
1387 1683 1437 1722 In
1459 1683 1621 1722 Medic.
1642 1689 1682 1723 5.
1703 1683 1827 1723 deest
1842 1695 1929 1734 sua,
1956 1682 2073 1736 quod
2092 1682 2210 1734 addi-

382 1741 521 1780 titium
555 1741 724 1779 videtur
757 1739 1038 1778 Colero.—26
1066 1738 1079 1759 ‘
1097 1738 1200 1776 Vet.
1224 1739 1387 1788 propter
1413 1736 1586 1776 vicinum
1613 1736 1774 1776 Sabine
1804 1736 1991 1786 regionis.
2046 1736 2212 1776 Fretum

377 1794 502 1833 alinae
524 1794 692 1833 Ostiam.
750 1793 836 1831 Alii
866 1803 1011 1842 prope3
1050 1790 1122 1828 alii
1140 1788 1308 1839 fretum,
1325 1789 1485 1841 fletam,
1510 1791 1577 1840 &a
1635 1791 1796 1830 Locum
1831 1796 1952 1830 recte
1985 1789 2212 1829 constituit

376 1847 585 1898 Pighius.'
616 1847 750 1897 Kapp.
788 1857 908 1897 prope
924 1845 1051 1883 vicum
1068 1842 1111 1883 S.
1130 1855 1167 1882 r.
1188 1842 1384 1882 Her-etum
1402 1844 1444 1882 in
1465 1844 1676 1883 nonnullis
1697 1849 1807 1884 vett.
1833 1855 1956 1895 prope
1973 1842 2146 1883 vim‘nam
2165 1842 2210 1884 S.

379 1914 414 1941 r.
435 1901 588 1950 fretum
608 1901 651 1939 in
669 1901 786 1939 Vett.
840 1898 1020 1937 Vossius
1039 1898 1178 1936 locum
1199 1896 1261 1935 ita
1282 1896 1534 1937 constituit:
1561 1902 1724 1948 propter
1741 1897 1868 1937 vicum
1888 1897 1934 1937 S.
1966 1908 2003 1937 r.
2033 1900 2073 1935 et
2099 1899 2212 1937 nocte

377 1968 409 1994 c.
442 1969 478 1994 a.
510 1966 685 2005 campum
713 1954 776 1992 M.
810 1951 959 2003 appulit
992 1952 1111 1990 lintre
1138 1950 1306 1989 hostiam
1337 1953 1486 2001 petens.
1541 1950 1628 1990 Sex
1648 1950 1776 1991 codd.
1796 1951 1978 2001 hostiam,
2007 1956 2053 1989 et
2073 1949 2134 1989 stc
2165 1950 2208 1989 in

377 2009 628 2061 quibusdam
647 2008 936 2046 'Fortem-27
967 2006 1078 2045 Dan.
1109 2004 1311 2043 subvenire
1340 2004 1520 2055 cupiens.-
1559 2005 1644 2044 duo
1677 2005 1827 2045 Rhem.
1859 2002 2114 2055 sitientibus,
2140 2005 2209 2054 qui

1200 2108 1378 2150 NOTAE

1379 2208 1396 2230 e
1418 2203 1598 2255 Eretum]
1640 2202 1862 2255 Oppidum
1895 2206 1962 2242 est
1992 2200 2157 2243 dietum
2183 2214 2208 2243 a

1322 2267 1494 2316 Junone,
1513 2267 1557 2307 id
1579 2273 1663 2319 est,
1673 2266 1815 2319 Ἥρας,
1833 2278 1930 2319 qnae
1953 2265 2013 2305 ibi
2034 2265 2207 2315 colitur,

377 2210 493 2258 dum,
512 2221 597 2249 non
622 2209 859 2249 Tarentum.-
899 2205 985 2247 fuit
1013 2217 1111 2258 pars
1141 2217 1256 2258 quae-

376 2274 475 2313 dam
494 2272 666 2313 Tiberis
685 2273 728 2311 in
751 2272 870 2321 urbe,
887 2270 1002 2323 quod
1022 2283 1076 2310 ex
1098 2269 1256 2310 Ovidio

377 2345 420 2377 et
450 2337 640 2377 Martiali
660 2342 824 2376 certum
855 2339 937 2374 est.
984 2334 1056 2374 Sic
1073 2333 1255 2374 Ovidius

376 2402 493 2440 Fast.
530 2404 567 2439 1.
639 2400 651 2422 ‘
690 2399 876 2450 Jamque
917 2402 1053 2437 ratem
1089 2395 1255 2436 monitu

373 2462 512 2502 doctae
550 2461 789 2501 Carmentis
816 2460 869 2499 ad
897 2471 1040 2513 arcem
1077 2460 1254 2510 Egerat,

374 2531 420 2565 et
437 2525 582 2564 Tuscis
603 2523 750 2563 obvius
784 2523 877 2562 ibat
908 2522 1043 2575 aquis.
1097 2521 1253 2560 Flumi-

373 2587 437 2626 nis
470 2587 546 2626 illa
578 2586 691 2626 latus
729 2585 799 2624 cui
834 2589 932 2624 sunt
970 2584 1078 2624 vada
1099 2583 1255 2635 juncta

371 2649 549 2689 Terenti
569 2649 754 2700 Aspicit,
780 2653 827 2688 et
857 2659 1026 2699 sparsas
1060 2658 1140 2698 per
1158 2647 1254 2686 loca

373 2714 460 2752 sula
500 2712 652 2752 casas!
727 2713 783 2751 Et
830 2711 1046 2751 Martialis
1092 2710 1166 2750 lib.
1206 2721 1250 2750 X.

370 2777 387 2801 ‘«
406 2775 478 2814 Bis
499 2787 596 2815 mea
619 2775 812 2815 Romano
843 2779 1040 2825 spectata
1068 2778 1136 2813 est
1163 2772 1252 2812 vita

369 2836 588 2877 Terento.’

424 2902 579 2940 ²Ditis
613 2901 759 2951 patris]
813 2901 1028 2950 Plutonis,
1062 2901 1132 2953 qui
1172 2901 1249 2940 Dis

372 2966 630 3016 appellatur,
647 2965 716 3004 vel
737 2964 850 3017 quod
878 2970 1048 3004 terrena
1079 2965 1140 3004 vis
1163 2977 1249 3003 om-

370 3029 448 3079 nis,
470 3034 515 3068 et
535 3034 688 3067 natura
722 3027 803 3079 ipsi
835 3027 980 3067 dicata
1006 3033 1247 3078 putaretur.

369 3090 443 3131 Ita
462 3091 633 3131 Cicero.
690 3091 772 3129 Vel
793 3090 906 3143 quod
935 3090 1108 3130 minime
1127 3091 1247 3130 dives

371 3155 441 3206 sit,
458 3167 552 3194 cum
580 3154 736 3194 mortui
765 3153 884 3193 bonis
915 3152 1108 3192 omnibus
1130 3165 1248 3193 care-

370 3223 458 3258 ant.
497 3218 568 3257 Ita
588 3216 894 3267 Quintilianus,
909 3216 963 3256 de
987 3215 1250 3267 Proserpina

370 3281 445 3321 lib.
470 3294 502 3320 1.
525 3293 623 3332 cap.
647 3285 684 3320 l.

423 3343 441 3370 ¹³
463 3345 603 3396 Calda]
631 3345 717 3383 Pro
738 3355 848 3395 aqua
862 3342 1028 3392 calida3
1057 3341 1117 3382 sic
1136 3341 1248 3383 enim

367 3416 534 3447 veteres
554 3420 668 3459 saepe
684 3408 820 3446 locuti
843 3412 941 3446 sunt
959 3419 969 3445 :
1000 3406 1099 3457 quin
1119 3405 1247 3445 etiam

369 3470 582 3510 Martialis
612 3471 703 3522 ipse
721 3484 732 3510 ς
763 3471 775 3492 ‘
796 3470 971 3521 Frigida
990 3481 1072 3509 non
1092 3468 1247 3519 deerit,

369 3546 451 3573 non
468 3534 605 3574 deerit
624 3534 749 3575 calda
768 3533 964 3586 petenti.'

1324 2336 1373 2370 ut
1391 2331 1483 2370 vult
1501 2330 1675 2371 Servius
1691 2344 1704 2381 ;
1731 2329 1952 2380 Stephano
1961 2327 2132 2380 Ἥρητος
2144 2329 2205 2368 di-

1324 2395 1464 2444 citur;
1492 2395 1699 2446 Dionysio
1719 2399 1764 2436 et
1783 2393 1998 2445 Straboni,
2018 2394 2207 2435 Eretum.-

1323 2458 1465 2509 hodie,
1487 2460 1626 2499 Monte
1643 2459 1830 2498 Ritonao.

1376 2524 1395 2551 ἅ
1417 2524 1572 2576 Lintre]
1601 2524 1754 2564 Linter
1765 2534 1899 2575 genus
1914 2527 1980 2563 est
1993 2521 2203 2562 naviculae

1323 2588 1485 2639 brevis,
1531 2600 1626 2641 quae
1665 2586 1930 2640 trajiciendis
1961 2584 2206 2626 fluminibus

1323 2657 1426 2704 apta
1445 2656 1525 2692 est.

1373 2721 1391 2742 e
1413 2714 1590 2766 Ostiam]
1617 2713 1779 2759 Urbem
1801 2713 1846 2753 in
1859 2711 1996 2753 Maris
2017 2716 2062 2752 et
2078 2711 2204 2752 Tibe-

1319 2778 1376 2818 ris
1412 2777 1598 2818 confinio
1627 2777 1681 2817 ab
1714 2776 1839 2819 Anco
1865 2775 2027 2817 Martio
2057 2773 2204 2815 eondi-

1319 2845 1418 2879 tam.
1475 2840 1604 2880 Nunc
1627 2840 1756 2879 Ostie.

1371 2902 1389 2927 f
1403 2903 1603 2942 Martium
1628 2902 1824 2954 campum]
1872 2900 1960 2943 Qui
1980 2899 2114 2941 Marti
2134 2912 2200 2940 sa-

1319 2978 1393 3006 cer
1407 2972 1518 3017 erat,
1531 2971 1657 3005 extra
1673 2965 1823 3006 urbem
1839 2965 1893 3005 ad
1909 2969 2079 3016 portam
2099 2963 2200 3004 Flu-

1317 3035 1576 3080 mentanam,
1607 3042 1632 3068 a
1661 3029 1765 3069 Cain
1793 3026 1998 3068 Tartesia
2033 3025 2200 3067 Vestali

1318 3092 1496 3143 Virgine
1532 3092 1689 3144 populo
1721 3091 1920 3132 donatus.
1976 3089 2078 3130 Mos
2103 3094 2201 3145 erat

1314 3154 1396 3195 hoc
1415 3155 1457 3194 in
1491 3155 1585 3194 loco
1614 3153 1755 3194 creari
1787 3153 1931 3204 Reges
1959 3155 2007 3191 et
2036 3149 2198 3201 Magis-

1316 3222 1468 3269 tratus,
1481 3230 1535 3257 ex
1550 3216 1761 3268 Dionysio
1774 3229 1787 3265 3
1815 3225 2072 3256 summorum
2083 3211 2197 3252 viro-

1315 3293 1409 3320 rum
1430 3286 1476 3321 et
1512 3280 1693 3320 cremari
1726 3289 1928 3330 corpora,
1958 3280 2006 3317 et
2034 3281 2196 3315 statuas

1316 3343 1449 3395 erigi:
1480 3348 1633 3383 exorto
1666 3342 1852 3382 tumultu
1881 3339 2031 3383 haberi
2050 3338 2196 3378 delec-

1315 3411 1430 3446 tum:
1455 3406 1734 3457 juventutem
1753 3416 1900 3455 cursu,
1931 3403 2063 3452 saltu,
2080 3402 2198 3454 pilis,

1313 3468 1461 3518 funda,
1499 3468 1686 3520 sagittis,
1720 3478 1840 3516 areu,
1877 3465 1933 3506 ad
1979 3476 2194 3506 arnrorum

1314 3531 1617 3572 tractationem
1636 3529 1844 3570 exerceri.
