2352 4022
453 347 563 399 320
956 360 1218 400 vunnu
1260 359 1502 399 MAX1M1
1544 360 1661 399 ms.
1701 362 1768 400 11.

449 481 653 534 finibus
678 480 891 548 imperii
916 479 1271 546 pellebatur.*
1345 478 1458 531 Sed
1492 485 1548 531 et
1571 495 1669 532 rex
1691 481 2028 535 lacessitus⁶
2063 483 2265 553 majes-

448 572 614 619 tatem
635 564 1079 618 excellentissimi
1105 564 1210 615 viri
1236 565 1507 627 venerari,
1532 581 1696 632 quam
1724 565 1967 619 dolorem
1993 582 2154 620 suum
2181 570 2264 621 ul-

448 652 604 713 cisci,
632 650 839 700 maluit.
911 646 1004 699 Ad
1032 647 1354 700 Africanum
1376 650 1634 713 eundem,
1662 650 1717 701 in
1744 651 2058 703 Liternina⁷
2095 653 2268 705 villa⁸

448 752 510 786 se
537 734 920 794 continentem,
943 733 1255 799 complures
1281 734 1608 801 praedonum
1643 734 1815 787 duces
1849 736 2147 788 videndum
2171 752 2265 788 eo-

447 820 568 869 dem
596 825 838 883 tempore
863 815 1002 867 forte
1028 815 1425 870 confluxerant.
1502 818 1661 882 Quos
1687 836 1812 872 cum
1857 820 1928 872 ad
1970 821 2083 874 vim
2125 820 2264 884 faci-

445 901 642 953 endam
691 902 874 952 venire
918 901 1315 966 existimasset,
1366 904 1696 970 praesidium
1739 904 2171 957 domesticorum
2208 905 2265 957 in

445 989 594 1036 tecto
621 985 947 1051 collocavit3
986 991 1214 1055 eratque
1239 988 1295 1038 in
1322 987 1408 1039 his
1434 987 1765 1055 repellendis
1790 993 1846 1040 et
1872 988 2054 1040 animo
2092 993 2147 1041 et
2165 1005 2266 1057 -ap—

443 1074 638 1135 paratu
690 1075 1019 1136 occupatus,
1097 1069 1264 1132 Quod
1307 1075 1369 1122 ut
1415 1071 1703 1139 praedones
1749 1072 2267 1135 animadverterunt,

443 1152 688 1204 dimissis
713 1153 980 1205 militibus
1009 1153 1357 1221 abjectisque
1380 1155 1571 1218 armiS,
1587 1155 1776 1222 januae
1802 1157 2267 1224 appropinquant,

443 1241 502 1288 et
527 1235 684 1288 clara
723 1253 855 1288 voce
894 1236 1173 1290 nuntiant⁸
1214 1237 1485 1305 Scipioni,
1523 1241 1664 1291 ‘non
1706 1241 1838 1293 vitae
1887 1241 2007 1309 ejus
2054 1241 2265 1305 hosteS,

445 1321 543 1374 sed
572 1321 789 1374 virtutis
833 1321 1198 1374 admiratores
1225 1323 1474 1375 venisse:
1514 1331 1871 1393 conspectum
1912 1330 1971 1378 et
2013 1341 2267 1392 congres-

444 1423 568 1458 sum
602 1407 743 1458 tanti
768 1407 872 1458 viri
899 1408 1065 1475 quasi
1099 1408 1328 1460 coeleste
1362 1408 1592 1477 aliquod
1630 1410 1959 1462 beneficium
2004 1418 2268 1478 expeten-

442 1498 565 1544 tes:
602 1490 830 1559 proinde
874 1507 1127 1544 securum
1171 1508 1232 1544 se
1269 1492 1471 1545 nobis9
1509 1495 1869 1562 spectandum
1915 1496 2160 1562 praebere
2199 1512 2267 1547 ne

1210 1642 1504 1660 mmNOm

442 1714 468 1750 6
498 1710 693 1750 Perizon.
714 1722 767 1750 ex
788 1709 882 1750 cod.
902 1710 1092 1761 vestigiis
1114 1711 1248 1763 legit:
1279 1712 1358 1752 Sed
1376 1718 1415 1753 et
1430 1727 1505 1754 rex
1522 1718 1560 1754 et
1579 1715 1781 1754 lacessitus
1794 1727 1810 1760 ,·
1837 1713 1961 1753 etsie
1991 1713 2118 1766 plane
2148 1713 2270 1754 Lei'd.

443 1768 566 1804 5.-7
597 1765 684 1803 Pro
703 1764 912 1803 Liternina
933 1764 1057 1805 codd.
1079 1765 1252 1816 habent,
1272 1766 1522 1818 Linternina,
1541 1768 1750 1818 Linterna,
1768 1767 2025 1818 Lictermina,
2044 1767 2267 1818 Linternia,

444 1818 713 1868 Lentermina,
740 1818 955 1864 Veliterna,
978 1820 1044 1858 vel
1071 1818 1281 1870 Veliterno,
1301 1821 1414 1872 quod
1435 1827 1503 1861 est
1521 1822 1650 1861 etiam
1671 1821 1712 1860 in
1735 1822 1854 1873 Meg.
1910 1819 2091 1873 Pighius
2110 1825 2159 1860 et
2179 1827 2268 1861 vet.

445 1871 540 1911 cod.
573 1871 694 1923 legit,
722 1883 762 1910 se
794 1875 1016 1918 tenentem3
1044 1873 1176 1911 ceteri
1210 1885 1354 1912 omnes
1386 1874 1511 1914 codd.
1538 1888 1579 1915 se
1607 1875 1893 1920 continentem,-
1921 1879 1965 1914 et
2001 1873 2063 1913 sic
2095 1873 2141 1913 in
2171 1873 2270 1915 edd.

445 1926 584 1975 antiq.
641 1925 779 1964 Paulo
814 1931 911 1975 post
945 1925 1270 1977 quatuordecim
1305 1927 1432 1968 codd.
1463 1929 1641 1968 Torren.
1675 1941 1770 1967 cum
1798 1928 2120 1978 Mog.Venett.
2151 1929 2193 1966 4.
2229 1931 2269 1967 5.

444 1978 575 2019 Aldd.
596 1982 636 2018 2.
656 1981 695 2018 3.
715 1982 753 2018 5.
773 1978 952 2018 Mediol.
977 1982 1017 2018 3.
1039 1986 1085 2018 et
1102 1979 1269 2031 Gryph.
1290 1984 1330 2020 2.
1348 1986 1388 2020 5.
1405 1985 1443 2020 8.
1461 1994 1528 2021 con
1524 1982 1831 2034 fluxerunt.-8
1859 1981 2035 2034 Pighius
2051 1992 2103 2019 ex
2118 1979 2270 2021 Atreb.
2295 2029 2297 2031 q

439 2034 549 2072 clara
568 2044 656 2071 voce
674 2033 910 2082 nuntiantes,
940 2033 1103 2072 omissis
1136 2037 1175 2071 et
1207 2040 1253 2073 et
1285 2034 1489 2084 Scipioni:
1516 2036 1767 2075 Perizonius
1799 2035 1912 2087 conj.
1939 2034 2162 2077 nuntiantes
2182 2033 2270 2073 Sci-

440 2085 579 2138 pioni,·
609 2085 730 2125 Leid.
763 2089 802 2124 6.
834 2086 966 2126 habet
999 2090 1038 2126 et
1075 2086 1301 2127 nuntiantes
1332 2088 1535 2139 Scipioni.-
1564 2090 1667 2128 Vet.
1699 2090 1937 2129 nuntiantes.
1991 2087 2155 2127 Brand.
2174 2098 2271 2127 cnm

443 2139 599 2179 ceteris
615 2138 811 2179 omnibus
830 2140 1008 2179 Torren.
1029 2146 1075 2179 et
1093 2139 1192 2179 edd.
1211 2141 1348 2193 antiq.
1366 2148 1553 2181 nostram
1573 2147 1790 2183 testantur
1809 2142 2052 2182 lectionem.
2095 2140 2272 2190 Deinde

442 2193 635 2232 nonnulli
652 2193 834 2232 Torren.
853 2206 893 2233 se
911 2206 989 2232 non
1004 2207 1042 2233 υ.
1060 2206 1095 2233 e.
1116 2194 1258 2246 hostes,
1284 2207 1317 2234 s.
1337 2208 1374 2234 v.
1394 2207 1434 2235 se
1452 2197 1721 2242 admiratores,
1743 2198 1811 2247 ὅγε.
1840 2195 1943 2235 item
1964 2199 2146 2247 quatuor
2160 2193 2271 2245 ejus-

446 2247 545 2287 dem
578 2259 672 2286 cum
693 2248 814 2298 Mog.
843 2248 1000 2298 aliquod
1027 2252 1263 2288 munus.-—9
1292 2248 1466 2299 Pighius
1496 2250 1638 2289 omisit
1665 2250 1790 2300 nobis,
1816 2255 1862 2290 et
1889 2248 2011 2288 dedit
2038 2251 2274 2298 gravaretur

446 2306 598 2340 contra
618 2301 893 2352 plurimorum
924 2301 1051 2340 codd.
1085 2300 1240 2340 fidem:
1270 2303 1482 2342 nonnulla».
1517 2304 1616 2342 edd.
1651 2309 1756 2343 vett.
1782 2304 2049 2354 prestandum
2079 2300 2273 2352 proebere:

445 2360 631 2407 quatuor
661 2355 839 2394 Torren.
877 2368 953 2394 non
981 2360 1202 2404 gravetur.-
1229 2356 1334 2396 Exc.
1360 2357 1511 2409 Steph.
1548 2358 1657 2397 nobis
1690 2358 1949 2409 spectaculum
1975 2354 2271 2407 proebere.--lo

1270 2485 1449 2526 NOTAE

448 2595 555 2648 quit,
587 2593 599 2616 ‘
620 2605 675 2633 ex
706 2592 999 2633 munificentia
1037 2593 1158 2645 regia
1191 2592 1325 2633 maxi-

443 2670 557 2697 mum
596 2656 754 2696 donum
798 2655 934 2696 filium
970 2656 1165 2705 habebo;
1215 2657 1326 2706 aliis,

443 2721 560 2760 Deos
608 2731 776 2770 precor,
817 2731 872 2758 ne
925 2732 1112 2771 unquam
1157 2719 1327 2759 fortuna

444 2789 568 2835 egeat
587 2795 700 2834 mea,
719 2782 881 2822 animus
909 2791 1028 2822 certe
1050 2794 1132 2821 non
1154 2782 1324 2834 egebit:

445 2858 524 2897 pro
544 2851 665 2885 tanto
697 2845 740 2884 in
772 2857 841 2884 me
862 2857 1037 2885 munere
1071 2851 1238 2897 gratum
1259 2858 1327 2885 me

445 2922 538 2950 esse
564 2910 608 2950 in
639 2921 686 2949 se
717 2910 893 2959 sentiet,
922 2911 955 2950 si
990 2911 1201 2962 privatam
1234 2923 1327 2962 gra-

444 2974 548 3014 tiam
569 2984 647 3025 pro
678 2972 847 3023 privato
881 2972 1090 3013 beneficio
1110 2974 1327 3014 desidera-

446 3036 540 3077 bit:
592 3035 764 3088 publice
798 3046 879 3074 nec
907 3035 1075 3076 habebo
1103 3037 1330 3089 quicquam

447 3101 500 3141 ab
520 3101 612 3146 illo.
635 3112 715 3140 nec
734 3099 860 3140 dabo.
916 3101 1040 3142 Quod
1070 3102 1112 3141 in
1143 3114 1330 3153 praesen-

447 3163 507 3203 tia
526 3164 630 3204 dare
652 3163 828 3215 possim,
847 3162 972 3203 fidele
991 3164 1217 3204 consilium
1235 3170 1328 3204 est:

449 3226 535 3277 abi,
552 3225 703 3266 nuntia
732 3226 837 3266 meis
865 3226 1026 3278 verbis,
1061 3227 1176 3267 bello
1197 3227 1330 3267 absis-

445 3296 529 3342 tat,
547 3290 666 3343 pacis
702 3289 993 3330 conditionem
1025 3290 1181 3330 nullam
1210 3301 1330 3330 recu-

447 3355 541 3397 set?
597 3357 656 3396 Et
675 3356 898 3408 aliquanto
915 3360 1028 3407 post,
1042 3354 1114 3395 ubi
1136 3354 1331 3394 audisset

447 3420 684 3462 Antiochus
703 3418 951 3471 Scipionem
983 3430 1144 3470 aegrum
1167 3417 1330 3457 Elaeam

450 3483 656 3535 delatum,
684 3485 867 3535 legatos,
885 3483 956 3535 qui
989 3481 1123 3522 filium
1160 3481 1213 3521 ad
1233 3492 1327 3521 eum

1394 2593 1668 2643 reducerent,
1706 2594 1851 2634 misit:
1898 2593 2053 2646 quibus
2096 2590 2270 2643 Scipio:

1393 2657 1406 2679 ‘
1428 2657 1715 2708 Renuntiate:
1751 2656 1906 2709 inquit,
1938 2657 1950 2678 ‘
1971 2656 2129 2708 gratias
2163 2655 2273 2707 Regi

1394 2732 1462 2758 me
1482 2731 1625 2771 agere,
1638 2718 1802 2760 referre
1819 2719 1999 2769 gratiam
2017 2719 2142 2758 aliam
2159 2730 2271 2757 nunc

1395 2795 1480 2822 non
1498 2795 1639 2834 posse,
1659 2794 1783 2835 quam
1805 2788 1853 2822 ut
1867 2782 2086 2832 suadeam,
2099 2792 2152 2820 ne
2173 2786 2272 2819 ante

1396 2846 1438 2890 in
1459 2846 1593 2885 aciem
1613 2845 1860 2895 descendat,
1873 2856 1998 2897 quam
2016 2843 2118 2883 utin
2134 2848 2274 2882 castra

1397 2909 1574 2948 rediisse
1593 2920 1662 2948 me
1683 2907 1899 2949 audierit)
1953 2908 2025 2947 Ita
2040 2906 2183 2946 Livius
2197 2905 2271 2945 lib.

1398 2985 1583 3014 xxxvn.

1451 3036 1476 3060 '⁵
1490 3035 1574 3076 An.
1596 3036 1659 3078 M.
1679 3039 1800 3076 3864.
1828 3035 1900 3076 01.
1920 3037 2013 3075 147.
2031 3038 2069 3074 3.
2098 3033 2205 3075 Urb.
2221 3034 2271 3075 C.

1398 3102 1492 3140 563.
1523 3098 1630 3139 Ant.
1653 3098 1729 3140 Ch.
1752 3102 1845 3139 193.

1450 3169 1470 3197 8
1506 3163 1714 3203 Liternina
1747 3161 1864 3213 villa]
1917 3162 2026 3202 Post
2067 3159 2272 3200 domitam

1399 3227 1718 3278 Carthaginem,
1731 3226 1974 3276 victumque
1993 3235 2019 3262 a
2036 3220 2170 3262 fratre
2183 3219 2273 3260 An-

1399 3290 1605 3339 tiochum,
1640 3292 1868 3330 accusatus
1903 3284 2051 3337 Scipio
2085 3284 2130 3324 in
2166 3284 2274 3324 hanc

1401 3353 1545 3392 villam
1579 3364 1626 3391 se
1664 3350 1830 3402 recepit
1867 3360 2002 3401 prope
2039 3348 2274 3397 Liternum,

1399 3428 1494 3468 quae
1515 3414 1758 3466 Campaniae
1791 3412 1944 3452 civitas
1970 3411 2024 3451 ad
2045 3410 2172 3451 maris
2202 3410 2274 3450 lit-

1400 3483 1469 3518 tus
1492 3492 1502 3518 :
1532 3476 1817 3528 hodie,·Torre
1836 3477 1878 3515 di
1893 3475 2041 3527 patria.
