2346 3952
625 324 657 360 G
674 320 941 361 ENTIBUS
984 320 1058 360 ET
1102 319 1407 361 FAMILIIS·

1874 308 1945 360 33

707 510 1003 564 AEMILII
1046 510 1343 575 LEPIDI.

160 627 439 669 annonum
460 627 632 668 domum
647 626 700 666 ad
717 637 902 665 summos
918 625 992 665 ho·

106 702 232 731 nores
252 697 489 732 evexerunt
507 690 663 742 Lepidi
684 690 785 740 duo,
811 701 990 742 quorum

106 755 217 795 alter
260 756 437 796 alterius
481 767 615 807 nepos
653 753 759 795 fuit:
809 759 991 807 uterque

107 818 285 860 Marcus
314 819 474 870 dictus,
506 824 552 859 et
586 818 649 858 bis
677 817 852 868 Consul,
887 829 990 858 avus

107 892 218 922 anno
251 886 346 922 521.
380 887 426 922 et
457 884 552 922 533.
591 893 622 921 1.
650 892 786 932 nepos
819 883 916 921 566.
945 885 992 920 et

106 948 202 986 578.
252 945 340 986 Hic
359 950 575 997 praeterea
594 945 647 984 de
667 945 897 997 Liguribus
915 945 991 984 tri-

109 1008 265 1061 umpho
305 1008 473 1059 nobilis,
515 1007 723 1049 Pontifex
765 1009 991 1060 maximus,

108 1071 287 1123 Censor,
325 1072 540 1124 Princeps
583 1073 782 1124 Senatus,
821 1074 991 1113 missus·

105 1137 255 1189 quein
274 1135 522 1190 AEgyptum,
552 1143 601 1178 ut
629 1140 792 1180 tutorio
819 1141 991 1180 nomine

105 1199 260 1252 pupilli
280 1211 455 1252 regnum
476 1200 814 1243 administraret.
846 1202 918 1244 Ab
938 1216 991 1245 eo

104 1271 356 1316 propagatae
387 1269 486 1304 sunt
510 1264 607 1305 duae
635 1266 898 1318 Lepidorum
927 1266 989 1307 fa-

104 1327 252 1375 miliae,
273 1340 455 1382 quornm
483 1341 537 1369 ex
566 1331 705 1371 altera
731 1330 908 1372 fuerunt
927 1333 990 1374 M.

106 1394 296 1446 Lepidus
317 1395 502 1436 Porcina
522 1409 547 1437 a
565 1398 751 1438 Vacceis
772 1397 926 1448 victus,
946 1402 991 1438 et

106 1458 296 1510 Lepidus
326 1460 544 1509 Livianus,
575 1461 730 1514 aliique
762 1461 854 1500 aliis
883 1465 991 1500 tem·

105 1521 279 1573 poribus
311 1522 537 1575 Consules,
569 1536 750 1577 quorum
786 1525 991 1565 continua

106 1585 242 1624 series
261 1596 316 1624 ex
337 1585 551 1627 historicis
569 1587 712 1639 colligi
733 1586 804 1627 vix
826 1593 988 1638 potest.

125 1675 130 1679 -
158 1647 317 1700 Stirpis
346 1649 523 1689 alterius
554 1651 764 1703 Princeps
799 1650 899 1703 fuit,
943 1663 994 1691 11.

106 1711 283 1753 Marcus
316 1713 391 1753 ille
428 1714 636 1766 Lepidus,
672 1716 745 1768 qui
779 1715 993 1756 Tribunus

105 1775 291 1818 militum
309 1777 514 1818 Romanis
538 1778 593 1818 de
613 1779 824 1820 Antiocho
855 1780 991 1821 victo-

108 1842 213 1882 riam
243 1842 406 1883 virtute
435 1855 522 1883 sua-
541 1844 730 1896 peperit.
776 1856 848 1886 ιιι.
869 1845 991 1886 Illius

105 1904 216 1946 filius
254 1905 318 1947 M.
361 1906 550 1958 Lepidus
598 1919 695 1947 cum
735 1909 785 1948 L.
828 1907 990 1949 Oreste

108 1967 267 2008 Consul
281 1981 393 2009 anno
407 1973 502 2011 627.
519 1975 694 2023 quartos
707 1970 832 2011 ludos
854 1984 989 2012 saecu-

105 2032 218 2072 lares
237 2033 488 2074 celebravit.
530 2046 596 2074 w.
618 2035 682 2074 Ex
704 2046 756 2074 eo
776 2039 902 2074 natus
923 2041 991 2076 est

107 2095 171 2135 Μ.
203 2095 408 2148 Lepidae,
430 2097 502 2149 qui
530 2098 730 2149 Pompeii
755 2109 838 2149 ope
860 2098 990 2150 adep-

107 2164 175 2198 tus
197 2155 498 2211 Consulatum,
527 2166 625 2200 acta
651 2161 782 2212 Syllae
809 2173 903 2201 cum
925 2174 990 2202 re-

108 2221 306 2262 scindere
326 2223 461 2263 vellet
492 2235 603 2264 anno
633 2228 730 2265 675.
759 2237 784 2264 a
813 2226 993 2278 Collega

109 2285 164 2327 Q.
195 2284 348 2324 Catulo
378 2285 484 2325 urbe
515 2287 678 2337 pulsus,
711 2287 754 2326 in
781 2287 993 2339 Sardinia,

106 2358 190 2400 quo
209 2345 396 2399 fugerat,
417 2347 615 2389 decessit.
643 2361 688 2389 v.
715 2349 856 2390 Ambo
879 2351 992 2391 illius

106 2409 185 2450 filii
222 2410 376 2450 Lucius
415 2417 462 2451 et
507 2412 684 2453 Marcus
721 2413 771 2454 C.
811 2414 992 2455 Caesaris

109 2478 253 2526 partes
289 2474 429 2518 secuti
463 2481 589 2517 sunt:
629 2476 699 2517 hic
735 2477 990 2531 Praetorius,

1060 626 1132 666 ille
1160 626 1255 678 jam
1289 622 1551 666 Consularis.
1609 621 1672 664 At
1710 623 1886 664 Marcus
1921 636 1948 664 a

1061 691 1236 730 Caesare
1269 690 1454 741 primum
1485 687 1703 741 Magister
1736 688 1946 741 equitum,

1061 752 1216 793 deiude
1239 754 1397 794 Consul
1418 765 1530 793 anno
1549 755 1644 793 ⁷0⁷.
1664 751 1823 803 factus,
1848 758 1948 804 post

1060 816 1172 857 illius
1213 818 1377 856 caedem
1413 822 1457 857 et
1486 815 1696 857 Pontifex
1730 816 1948 856 Maximus

1059 880 1159 932 fuit,
1175 889 1221 921 et
1239 881 1453 921 Triumvir
1468 894 1564 921 cum
1583 880 1770 921 Octavio
1790 885 1836 928 et
1858 879 1947 920 An-

1061 945 1207 985 tonio:
1247 945 1385 998 copiis
1418 950 1564 985 tamen
1595 945 1809 998 aliquanto
1849 951 1949 996 post

1060 1010 1266 1061 spoliatus
1295 1009 1349 1050 ab
1380 1009 1582 1060 Octavio,
1611 1010 1805 1050 Circeios
1837 1010 1947 1049 rele-

1060 1079 1184 1126 gatus
1210 1081 1294 1115 est.
1352 1086 1416 1115 vt.
1441 1075 1584 1114 Multo
1617 1075 1750 1114 etiam
1781 1073 1948 1115 tristior

1061 1138 1125 1179 Μ.
1165 1137 1339 1190 Lepidi,
1374 1150 1501 1190 quem
1543 1137 1676 1179 Junia
1714 1138 1778 1177 M.
1818 1137 1949 1178 Bruti

1058 1213 1178 1242 soror
1196 1202 1256 1241 illi
1279 1206 1526 1254 pepererat,
1549 1201 1690 1241 exitus
1710 1200 1818 1250 fuit;
1849 1214 1948 1242 nam

1059 1263 1250 1304 infensus
1285 1265 1496 1315 Augusto,
1528 1277 1624 1304 cum
1662 1264 1782 1304 novis
1819 1264 1946 1306 rebus

1058 1328 1272 1380 studeret,
1295 1341 1320 1368 a
1339 1329 1583 1368 Maecenate
1612 1341 1844 1380 oppressus
1866 1335 1949 1370 est.

1060 1404 1106 1433 V.
1124 1393 1172 1433 L.
1194 1392 1382 1444 Lepidus
1402 1392 1579 1444 Paulus,
1608 1393 1751 1433 Marci
1777 1393 1950 1433 Trium-

1060 1456 1140 1496 viri
1159 1454 1315 1507 frater,
1336 1457 1454 1496 varia
1485 1458 1616 1496 etiam
1647 1456 1823 1497 fortuna
1849 1470 1948 1497 usus

1060 1526 1152 1570 est3
1185 1527 1306 1572 gesto
1327 1520 1440 1560 enim
1462 1520 1700 1560 Consulatu
1721 1533 1831 1560 anno
1851 1524 1953 1562 703.

1061 1585 1347 1636 proscriptus,
1359 1597 1381 1623 a
1395 1582 1531 1624 fratre
1543 1585 1802 1635 Triumviro,
1822 1598 1947 1637 quern

1059 1649 1223 1689 hostem
1246 1648 1400 1700 patriae
1422 1648 1612 1698 dixerat,
1633 1645 1744 1700 fugit
1766 1649 1820 1687 ad
1841 1650 1951 1688 Bru-

1063 1718 1177 1762 tum3
1208 1711 1364 1752 deinde
1382 1712 1581 1752 Miletum
1599 1713 1804 1761 secessit3
1836 1713 1949 1752 unde

1060 1775 1226 1828 aliquot
1246 1775 1367 1815 annis
1389 1780 1487 1827 post
1516 1775 1570 1814 ab
1600 1775 1795 1826 Augusto
1826 1789 1948 1817 revo-

1060 1844 1198 1888 catus,
1216 1839 1377 1880 Censor
1395 1841 1535 1880 lectus
1556 1845 1637 1880 est.
1695 1842 1760 1879 Ex
1791 1842 1952 1881 Corne-

1058 1903 1131 1955 lia,
1146 1903 1200 1943 P.
1216 1903 1427 1955 Scipionis
1445 1903 1613 1943 Nasicae
1631 1910 1676 1943 et
1693 1904 1949 1957 Scribonia»,

1061 1981 1158 2020 quae
1180 1973 1331 2020 postea
1352 1967 1547 2019 Augusto
1564 1967 1727 2019 nupsit,
1746 1967 1852 2018 filia,
1882 1981 1948 2010 vr.

1059 2034 1123 2073 M.
1143 2032 1355 2085 Lepidum
1383 2038 1430 2072 et
1458 2033 1506 2073 L.
1529 2032 1712 2072 Paulum
1744 2036 1948 2086 suscepit.

1059 2096 1202 2137 Ambo
1242 2096 1449 2136 Consules
1492 2094 1683 2146 fuerunt,
1721 2097 1795 2136 ille
1837 2109 1950 2138 anno

1059 2162 1153 2198 758.
1168 2158 1238 2197 hic
1260 2162 1356 2198 753.
1416 2158 1574 2197 Neutri
1594 2156 1706 2197 filius
1723 2163 1847 2198 natus
1868 2167 1950 2201 est.

1062 2233 1145 2262 vn.
1165 2221 1252 2262 Sed
1273 2221 1446 2274 utrique
1467 2221 1556 2261 filia
1573 2222 1740 2261 AEmilia
1762 2223 1949 2275 Lepida3

1061 2300 1158 2340 quae
1196 2287 1338 2326 Marci
1375 2285 1472 2338 fuit,
1522 2287 1663 2326 Druso
1703 2288 1951 2330 Germanici

1059 2350 1176 2400 fili03
1207 2363 1300 2402 quae
1320 2361 1421 2390 vero
1443 2349 1581 2401 Lucii,
1601 2348 1684 2402 Ap.
1705 2350 1836 2404 Junio
1855 2353 1948 2404 Syl.

1059 2414 1159 2454 lano
1178 2412 1336 2465 nupsit.

842 2641 1210 2696 ANTONII.
1239 2616 1242 2620 ’

163 2749 482 2803 Anromorgcm
519 2752 682 2793 familia
715 2753 896 2806 duplex,
931 2754 989 2794 al-

111 2817 202 2854 tera
221 2814 431 2863 Patricia,
451 2816 633 2857 Plebeia
653 2817 814 2858 altera:
848 2818 992 2858 Patri-

111 2877 193 2918 eiae
225 2878 438 2919 Merenda
469 2892 706 2932 cognomen
744 2879 853 2921 fuit:
892 2882 993 2922 Ple·

111 2939 221 2981 beiae
240 2942 414 2984 nullum.
467 2944 648 2983 Plebeia
667 2945 883 2984 recentior
902 2945 995 2998 qui-

112 3002 227 3055 dem,
246 3005 320 3044 sed
336 3006 468 3057 gestis
481 3007 713 3048 honoribus
731 3009 866 3048 multo
881 3009 996 3064 illus·

111 3065 239 3117 trior;
280 3079 378 3107 nam
413 3081 437 3109 e
472 3070 667 3110 Patricia
703 3070 788 3111 duo
829 3078 994 3112 tantum

111 3136 415 3184 memorantur,
449 3145 629 3186 quorum
655 3135 764 3175 alter
789 3136 840 3176 Τ.
864 3136 996 3176 Anto-

111 3192 224 3233 nius·
243 3194 469 3244 Merenda,
514 3197 585 3249 qui
623 3198 862 3238 Decemvir
897 3211 994 3239 cum

113 3254 200 3308 Ap.
222 3255 402 3298 Claudio
422 3271 530 3299 anno
560 3263 653 3300 303.
674 3260 728 3300 ob
749 3259 995 3302 affectatam

113 3319 403 3370 Tyrannidem
433 3335 529 3363 cum
558 3325 746 3376 Collegis
773 3326 878 3366 urbe
903 3328 994 3378 pul-

116 3392 188 3420 sus
205 3389 287 3423 est.
328 3384 458 3425 Alter
475 3387 529 3428 Q.
553 3386 764 3428 Antonius
787 3389 999 3429 Merenda

115 3445 327 3499 Tribunus
346 3451 538 3492 militaris
557 3465 667 3494 anno
683 3457 780 3496 331.
819 3455 888 3495 An
907 3462 998 3495 tum

114 3508 206 3550 haec
225 3508 388 3552 familia
403 3513 595 3568 desierit,
615 3528 670 3556 an
690 3529 735 3558 se
761 3520 998 3560 contulerit

226 3577 374 3631 Daph.
391 3585 430 3620 et
458 3581 552 3624 Var.
574 3584 683 3627 Clas.

1061 2754 1114 2794 ad
1130 2753 1318 2807 plebem,
1336 2754 1559 2795 obscurum
1578 2763 1660 2798 est.

1115 2819 1152 2857 E
1168 2818 1338 2870 plebeia
1358 2823 1447 2858 tres
1476 2828 1720 2871 quatuorve
1741 2827 1840 2863 ante
1860 2821 1948 2863 An-

1063 2881 1169 2921 tonii
1206 2881 1404 2921 Oratoris
1441 2887 1615 2923 aetatem
1647 2885 1887 2936 produntur
1924 2898 1950 2924 a

1064 2945 1202 2985 Livio.
1260 2946 1325 2984 M.
1346 2945 1558 2986 Antonius
1589 2949 1800 3002 Magister
1821 2950 1950 3002 Equi-

1065 3016 1154 3048 tum
1177 3022 1202 3048 a
1222 3008 1272 3050 P.
1290 3009 1490 3049 Cornelio
1507 3011 1661 3052 Rufino
1677 3013 1819 3052 dictus
1838 3024 1950 3051 anno

1063 3078 1157 3115 419.
1205 3075 1262 3115 Et
1283 3075 1416 3115 multo
1438 3081 1536 3127 post
1551 3078 1737 3120 Quintus
1755 3083 1798 3116 et
1817 3077 1954 3116 Aulus

1063 3135 1269 3187 Antonii3
1297 3150 1476 3190 quorum
1506 3140 1578 3179 ille
1608 3142 1659 3181 L.
1682 3140 1840 3180 AEmilii
1863 3139 1950 3179 Re-

1064 3202 1152 3254 gilli
1175 3204 1384 3243 Praetoris
1399 3199 1550 3245 contra
1574 3205 1851 3256 Antiochum,
1879 3205 1951 3245 hic

1064 3267 1112 3307 L.
1132 3266 1287 3306 AEmilii
1305 3268 1432 3307 Pauli
1454 3269 1651 3308 Consulis
1670 3274 1824 3308 contra
1847 3268 1952 3308 Per-

1065 3342 1139 3369 sen
1160 3331 1326 3381 legatus
1345 3329 1442 3371 fuit.
1482 3331 1626 3370 AEtate
1647 3333 1773 3371 etiam
1789 3344 1952 3384 suppar

1063 3394 1147 3433 illis
1177 3393 1259 3434 fuit
1289 3395 1353 3434 M.
1388 3394 1602 3433 Antonius
1637 3394 1824 3434 Praetor.
1881 3395 1950 3435 Ab

1064 3458 1115 3498 iis
1144 3465 1432 3510 prognatusne
1452 3458 1509 3497 sit
1535 3457 1749 3499 Antonius
1774 3459 1952 3508 Orator,

1067 3534 1121 3561 an
1139 3534 1275 3574 secuS,
1294 3522 1506 3562 incertum
1541 3529 1618 3561 est.
1678 3523 1783 3564 Cum
1810 3526 1950 3561 tamen

929 3587 1015 3628 Vae.
1036 3589 1151 3629 Max.
1807 3589 1842 3628 C
