2352 4022
476 324 702 363 cAP.11.
744 323 824 362 DE
867 320 1213 361 RELIGIONE
1253 319 1599 358 SIMULATA.

1842 309 1950 361 143

116 445 473 501 simulatione
500 444 817 498 reducentis
843 459 904 496 se
927 443 982 494 in
1009 458 1197 495 arcem
1225 440 1498 493 Minervae
1523 443 1609 492 est
1633 455 1798 492 usus:
1819 457 1950 492 cum

112 547 213 601 per
238 530 673 583 ostentationem
701 529 906 597 ignotae
932 527 1206 591 mulieris,
1233 543 1360 594 quae
1388 525 1587 594 Phya⁷
1624 526 1948 588 vocabatur,

111 615 365 668 formatae
391 614 463 667 ad
480 614 732 666 habitum
758 612 956 675 Deae,¹¹²
981 611 1353 664 Athenienses
1378 610 1700 678 deciperem

185 699 239 752 3.
276 701 602 768 Lycurgusu
640 696 878 750 consilio
926 694 1249 764 Apollinis⁰
1286 696 1630 761 gravissimae
1683 694 1951 747 Lacedae-

114 785 422 837 moniorum
447 783 662 836 civitati
687 782 835 850 leges
860 782 1205 849 compositas
1231 781 1373 833 ferre
1400 797 1460 832 se
1481 782 1799 849 persuasit.‡

188 870 240 922 4.
278 868 555 921 Zaleucus
572 875 594 907 P
618 867 724 919 sub
750 866 972 918 nomine
1001 865 1278 918 Minervae
1307 865 1457 934 apud
1485 864 1792 918 Locrenses
1818 881 1949 934 pru-

116 952 474 1006 dentissimus
498 952 720 1005 habitus
740 954 875 1004 est.*

885 1098 1059 1116 eeeeee

1060 1097 1185 1116 ‘‘‘‘‘

112 1198 339 1239 uidem—'I
367 1197 436 1238 Sic
457 1197 688 1250 Polyaenus
725 1203 773 1238 et
810 1197 1078 1238 Herodotus.
1139 1195 1219 1237 Ed.
1259 1193 1375 1248 Lips·
1413 1193 1533 1237 Phia.
1562 1194 1667 1237 eod.
1697 1193 1860 1236 Brand.
1882 1196 1952 1236 ed.

115 1252 299 1305 Herbip.
320 1256 366 1292 et
384 1251 554 1305 quidam
574 1252 672 1292 libri
693 1252 893 1305 Pighiani
921 1253 1016 1302 Ero,
1046 1251 1147 1291 alii:
1176 1249 1279 1302 afro,
1299 1249 1388 1302 fro,
1413 1254 1490 1291 sto.

943 1360 1122 1403 NOTAE

120 1469 337 1522 expulsus,
384 1469 618 1510 undecimo
667 1469 837 1509 demum
875 1479 1003 1519 anno,

121 1532 236 1586 quod
267 1531 555 1573 Athenienses
585 1533 737 1584 praelio
769 1532 910 1572 victos
941 1532 1004 1572 di-

118 1597 320 1649 misisset,
336 1597 563 1638 restitutus
578 1601 659 1638 est.
715 1596 827 1636 Haec
838 1597 1003 1647 Thucy-

121 1659 256 1700 dides-

173 1730 204 1750 ¹¹¹
222 1723 423 1764 Formutoe
450 1726 502 1764 ad
527 1723 702 1764 habitum
730 1723 848 1775 Deae]
896 1723 1007 1763 Phia

120 1787 369 1840 praegrandi
381 1793 549 1829 statura
565 1788 720 1828 mulier
735 1800 760 1828 a
774 1788 1006 1828 Pisistrato

120 1852 165 1891 in
200 1863 295 1892 eum
329 1851 519 1892 habitum
549 1850 804 1902 composita,
838 1862 922 1903 quo
960 1856 1007 1890 et

122 1915 266 1955 vultus
285 1913 604 1966 pulchritudine
636 1921 682 1955 et
710 1915 902 1966 corporis
921 1927 1007 1954 ma-

109 1977 275 2028 jestate
293 1989 340 2017 se
358 1976 599 2017 Minervam
618 1976 864 2016 simularet:
897 1988 1007 2028 prae-

122 2051 339 2093 conesque
374 2039 598 2092 praemissi,
632 2039 706 2092 qui
741 2040 851 2079 Deae
882 2040 1008 2091 jussu

125 2099 350 2142 dicerent:
381 2101 396 2124 ‘
409 2101 716 2153 Athenienses,
728 2101 914 2153 benigne
934 2114 1006 2142 ex-

122 2165 256 2217 cipite
266 2161 560 2216 Pisistratum,
570 2177 696 2218 quem
704 2163 906 2205 Minerva
915 2166 1008 2218 ipsa

122 2229 168 2268 in
184 2240 302 2269 suam
315 2227 486 2268 reducit
500 2228 673 2269 amem!
730 2229 828 2271 Qua
841 2228 1010 2282 fraude,

122 2296 170 2330 et
204 2289 381 2340 decepti
424 2289 734 2342 Athenienses,
770 2295 816 2331 et
857 2293 1010 2333 mulier

123 2365 205 2405 pro
224 2354 324 2394 Dea
341 2352 501 2404 habita,
521 2359 568 2394 et
586 2360 788 2406 receptus
807 2354 1009 2396 Pisistra-

121 2421 207 2459 tus.
265 2417 373 2458 Haec
391 2417 584 2470 pluribus
599 2418 863 2459 Herodotus.

180 2488 199 2525 l·
219 2479 306 2522 Au.
327 2481 390 2520 M.
422 2484 546 2523 3496.
579 2481 652 2523 Ol.
671 2487 740 2524 55.
769 2485 808 2523 3.
830 2483 938 2523 Urb.
960 2482 1010 2525 C.

126 2547 220 2584 195.
241 2542 347 2583 Ant.
368 2542 447 2583 Ch.
466 2546 562 2584 55⁷.

179 2613 198 2634 ¹·
216 2606 442 2660 Lycurgus]
484 2607 550 2648 De
571 2610 768 2662 Lycurgo
787 2609 902 2650 inter
921 2610 1010 2650 He·

127 2671 326 2713 rodotum
345 2676 393 2712 et
421 2672 705 2713 Plutarchum
739 2686 824 2714 non
855 2687 1010 2715 conve·

127 2735 218 2774 nit:
250 2734 320 2775 ille
353 2745 409 2774 ex
431 2734 834 2787 Eurystenidarum‚
867 2738 935 2778 hic
956 2750 1011 2778 ex

127 2797 423 2839 Proclidarnm
442 2796 632 2847 familia3
663 2798 737 2838 ille
755 2800 1013 2852 Echestrati,

125 2861 197 2902 hic
241 2859 476 2912 Polydecti
513 2861 645 2912 Regis
684 2860 891 2914 fratrem3
936 2864 1011 2904 ille

129 2922 353 2975 Leobotae,
388 2922 459 2964 hie
491 2923 678 2965 Charilai
709 2927 866 2979 pupilli
899 2933 1012 2969 tuto-

1073 1478 1163 1507 rem
1182 1466 1319 1507 facit:
1363 1466 1449 1507 utri
1470 1465 1670 1507 assentiri
1704 1467 1843 1519 malis,
1862 1472 1957 1507 tute

1073 1531 1203 1583 elige.
1260 1531 1323 1570 Ut
1359 1535 1408 1571 ut
1442 1536 1525 1582 est,
1563 1531 1824 1583 Spartanum
1864 1544 1957 1583 reg-

1073 1605 1173 1633 num
1193 1592 1267 1632 diu
1299 1592 1457 1633 tutorio
1484 1595 1656 1633 nomine
1687 1594 1958 1634 administra-

1073 1655 1153 1707 vit,
1186 1667 1271 1695 nou
1305 1655 1472 1696 minore
1512 1656 1641 1697 laude
1679 1657 1782 1697 fidei
1833 1670 1959 1709 quam

1074 1718 1331 1771 prudentiae.
1387 1719 1476 1759 Ubi
1509 1731 1613 1759 vero
1645 1731 1779 1772 nepos
1817 1721 1959 1760 adole-

1074 1782 1156 1833 vit,
1169 1783 1263 1834 ipse
1284 1794 1466 1834 peregre
1484 1781 1725 1834 profectus,
1743 1784 1960 1824 variorum

1075 1857 1129 1886 ex
1168 1859 1248 1886 usu
1286 1847 1538 1898 populorum
1570 1859 1644 1887 eas
1693 1847 1813 1900 leges
1850 1849 1960 1888 didi-

1075 1910 1151 1961 cit,
1169 1909 1324 1963 quibus
1344 1909 1516 1950 domum
1535 1922 1730 1951 reversus
1761 1911 1962 1952 Lacedae-

1075 1975 1315 2015 moniorum
1333 1975 1538 2015 astrinxit
1555 1975 1842 2027 disciplinam.

1131 2046 1150 2066 ⁰
1172 2039 1344 2079 Consilio
1365 2039 1576 2091 Apollinis]
1623 2041 1761 2091 Leges
1779 2040 1874 2080 illas
1891 2041 1963 2080 alii

1075 2100 1130 2141 ab
1151 2101 1361 2153 maculo,
1374 2102 1446 2141 alii
1461 2115 1486 2142 a
1507 2103 1790 2143 Cretensibus
1810 2116 1962 2155 accep-

1077 2170 1141 2205 tas
1185 2165 1297 2217 apud
1345 2165 1604 2206 Pausaniam
1646 2167 1961 2213 crediderunt:

1077 2240 1173 2268 cum
1203 2228 1352 2280 primis
1371 2229 1533 2269 sentire
1566 2229 1738 2270 videtur
1765 2231 1963 2271 Herodo-

1076 2295 1164 2341 tus,
1193 2292 1309 2343 apud
1343 2305 1469 2345 quem
1505 2294 1750 2346 Lycurgum
1771 2295 1965 2347 Delphos

1079 2354 1324 2407 profectum
1353 2357 1419 2396 his
1448 2357 1590 2397 verbis
1624 2359 1858 2411 alloquitur
1879 2360 1966 2410 Py-

1078 2420 1191 2461 thia:
1240 2420 1341 2460 ‘Ad
1378 2433 1477 2461 mea
1515 2422 1670 2462 venisti
1707 2424 1965 2476 propinquia

1080 2488 1217 2534 tecta,
1232 2483 1446 2535 Lycurge,
1461 2484 1597 2525 Grate
1611 2486 1835 2537 Jovi‚’&c.
1850 2487 1961 2526 Tum

1076 2545 1140 2586 illi
1169 2546 1363 2597 pluribus
1417 2548 1597 2588 tradidit
1646 2560 1712 2600 ea,
1755 2561 1851 2602 quae
1889 2551 1963 2589 diu

1078 2610 1246 2662 Spartae
1266 2610 1508 2662 viguerunt,
1521 2611 1739 2652 instituta.

1134 2678 1153 2721 ‡
1172 2673 1259 2713 An.
1278 2674 1343 2713 M.
1363 2677 1482 2714 3183.
1502 2674 1606 2714 Ant.
1627 2675 1703 2715 Ch.
1722 2678 1819 2715 870.

1132 2737 1381 2788 ΡΖαῑειισιιε]
1422 2738 1610 2777 Thaletis
1642 2750 1724 2777 una
1753 2750 1848 2778 cum
1881 2741 1964 2790 Ly-

1079 2812 1213 2852 curgo
1234 2800 1470 2851 discipulus
1491 2800 1636 2851 fuisse,
1655 2802 1855 2854 legesque
1883 2804 1964 2843 Lo-

1081 2863 1164 2905 cris
1181 2863 1484 2915 Epizephyriis
1505 2864 1698 2915 posuisse
1716 2865 1889 2905 dicitur.

1134 2926 1158 2951 ⁴*
1178 2925 1264 2967 An.
1281 2927 1346 2968 M.
1362 2930 1483 2969 3200.
1501 2926 1604 2970 Ant.
1620 2928 1697 2969 Ch.
1715 2932 1809 2968 853.
