2352 4022
676 294 926 333 cAP.1v.
969 292 1050 331 un
1091 291 1533 332 srssc'rAcums.
1914 280 2022 333 257

188 425 326 479 rum,
350 420 418 468 ut
443 421 531 471 est
562 432 684 469 mos
723 415 1013 468 hominum
1049 411 1288 483 parvula
1328 413 1486 468 initia
1525 411 1797 482 pertinaci
1836 413 2021 465 studio

186 500 582 570 prosequendi,
628 500 1036 553 venerabilibus
1079 515 1209 567 erga
1252 499 1409 552 Deos
1457 499 1702 551 verbis¹¹
1735 496 2019 566 juventuS‚

186 585 312 638 rudi
337 595 503 654 atque
527 585 901 655 incomposito
924 590 1081 636 motu
1115 600 1410 652 corporum
1443 582 1790 654 jocabunda,
1834 587 2022 648 gestus

187 670 437 741 adjecit!
522 671 718 741 anue
768 686 856 724 res
906 668 1118 722 ludium
1168 685 1242 722 ex
1305 670 1569 723 Hetruria
1599 675 1641 701 ¹²
1704 668 2022 721 arcessendi

187 772 414 810 causam
447 757 710 825 praebuit:
747 754 906 824 cujus
950 755 1155 807 decora
1198 755 1497 824 pernicitas
1527 759 1748 809 vetusto
1773 769 1847 806 ex
1873 770 2022 805 more

186 838 472 896 Curetum¹
516 841 964 911 Lydorumque,“²
1010 857 1044 892 a
1090 842 1296 909 quibus
1350 841 1615 894 Hetrusci
1636 847 1713 879 ¹³¹¹
1751 840 2016 907 originem

185 933 489 993 traxerunt,
530 929 782 981 novitate
826 930 984 994 grata
1034 924 1417 978 Romanorum
1460 926 1660 978 oculos
1713 924 2018 993 permulsit.

186 1011 256 1063 Et
282 1014 414 1080 quia
438 1011 629 1064 ludius
655 1010 804 1080 apud
827 1027 927 1062 eos
952 1010 1172 1062 Histrio
1199 1011 1610 1078 appellabatur,
1629 1011 1855 1066 scenico
1875 1016 1896 1038 ⁰
1920 1026 2019 1061 no-

181 1112 308 1148 men
336 1096 647 1149 Histrionis
686 1095 920 1148 inditum
955 1101 1060 1147 est.
1138 1095 1423 1147 Paulatim
1450 1096 1652 1148 deinde
1679 1095 1903 1148 ludicra
1928 1112 2019 1147 ars

180 1181 253 1234 ad
298 1181 632 1237 satirarump
667 1180 868 1233 modos
891 1187 945 1219 ¹4
970 1181 1273 1249 perrepsit:
1316 1198 1349 1233 a
1375 1182 1573 1249 quibus
1596 1181 1806 1250 primus
1833 1183 2012 1234 omni-

234 1346 255 1373 ὅ
287 1345 445 1395 Verum,
462 1350 504 1386 ut
523 1346 694 1386 homines
721 1347 846 1386 solent
864 1346 995 1385 studio
1013 1345 1212 1397 pertinaci
1244 1358 1389 1396 augere
1422 1359 1486 1386 res
1503 1346 1551 1386 ab
1573 1347 1692 1387 initio
1720 1360 1842 1398 parvo
1859 1352 2019 1399 coeptas,

166 1401 357 1450 juventus
373 1401 509 1440 ludens
526 1400 651 1441 verbis
661 1400 702 1439 in
718 1400 894 1439 Deorum
911 1399 1092 1438 honorem
1111 1399 1349 1452 compositis,
1365 1400 1527 1443 miscuit
1544 1401 1672 1441 varios
1689 1407 1827 1452 gestus
1840 1406 1878 1441 et
1895 1404 2017 1441 salta-

177 1456 303 1496 tiones
316 1454 489 1506 corporis
507 1457 614 1494 nrotu
631 1453 782 1504 agresti
799 1457 839 1493 et
859 1453 1124 1504 incomposito.

951 1571 1251 1587 OOOOOOOOOOO

178 1659 218 1695 1.
237 1658 279 1697 2.
297 1659 343 1695 et
360 1653 514 1707 viginti
531 1652 699 1693 duobus
715 1653 895 1692 Torren.
950 1653 1057 1692 Mox
1092 1652 1232 1693 Bitnr.
1261 1656 1297 1692 1.
1332 1653 1433 1704 quod
1460 1651 1586 1702 primo
1608 1651 1913 1692 Romulus—ll
1945 1653 2017 1693 Ita

178 1709 355 1760 Pighius
377 1720 431 1748 ex
451 1707 580 1748 codd.
601 1713 646 1747 et
664 1708 727 1747 sic
748 1706 911 1746 Brand.
931 1710 970 1746 1.
992 1711 1031 1747 2.
1049 1708 1151 1748 Vet.
1174 1712 1220 1747 et
1238 1707 1357 1757 Mog.
1377 1705 1759 1758 ohsequiisjuoentus
1779 1735 1789 1745 .
1810 1735 1820 1746 .
1840 1735 1850 1747 .
1875 1712 2016 1757 gestus

177 1761 474 1804 dedithabent
493 1761 670 1802 Venett.
708 1760 840 1800 Aldd.
874 1761 1020 1801 Chalc.
1051 1763 1131 1800 &c.
1160 1760 1352 1813 obsequiis
1382 1766 1447 1800 est
1479 1759 1609 1799 etiam
1641 1759 1684 1798 in
1702 1761 1824 1800 Voss.
1854 1768 1899 1800 et
1931 1774 2015 1801 uno

179 1817 331 1859 Rhem.
348 1816 456 1856 dedit
477 1816 520 1855 in
543 1814 704 1854 Medic.
723 1819 762 1856 6.
784 1821 831 1855 et
849 1815 1001 1854 codice
1017 1815 1270 1854 Tollii.—-12
1293 1815 1450 1866 Copes.
1467 1820 1513 1854 et
1526 1813 1649 1854 Harl.
1666 1814 1816 1854 ludium
1836 1815 2015 1856 Etruria.

175 1868 278 1912 vet.
296 1880 376 1923 pro
394 1869 615 1910 arcessendi
634 1868 811 1909 exhibet
829 1869 1044 1910 exercendi.
1102 1869 1208 1908 Mox
1228 1868 1380 1908 eadem
1412 1879 1508 1908 cum
1539 1867 1854 1920 septemdecim
1886 1869 2013 1910 codd.

176 1924 356 1970 Turi-en.
375 1929 422 1964 et
449 1924 568 1973 Mog.
598 1934 755 1963 causam
784 1923 909 1963 dedit.
967 1922 1128 1975 Guyet.
1159 1923 1274 1974 conj.
1302 1934 1465 1972 quorum
1497 1933 1577 1973 pro
1608 1922 1745 1971 cujus.-
1775 1923 1873 1962 Vet.
1906 1923 2017 1972 cujus

173 1979 312 2018 deeora
345 1977 726 2029 pertinacitas—13
767 1978 868 2016 Vet.
916 1989 1013 2017 cum
1062 1976 1206 2016 multis
1244 1977 1370 2017 codd.
1406 1977 1586 2015 Torren.
1629 1977 1759 2017 Tusci.
1832 1977 2013 2028 Eadem,

173 2033 367 2082 originem
385 2035 615 2084 acceperunt
645 2033 707 2071 vel
734 2035 957 2071 traxerunt.
1014 2030 1123 2070 Mox
1142 2043 1221 2082 pro
1242 2030 1404 2070 Histrio
1422 2031 1517 2071 VV.
1537 2031 1642 2071 DD.
1663 2030 1830 2080 malint,
1851 2030 2014 2071 Hister.

174 2089 286 2126 ——14
327 2085 475 2126 Codex
512 2086 815 2126 Colinariensis
846 2083 1020 2124 Coleri:
1063 2089 1290 2136 satyrarum
1322 2096 1477 2124 mores.-
1511 2084 1611 2124 edd.
1647 2084 1782 2135 antiq.
1811 2085 2017 2135 perrexit.-

178 2137 356 2191 Pighius
376 2139 571 2180 restituit
587 2138 794 2191 per-repsit,
821 2138 933 2191 quod
946 2138 1116 2180 „habent
1141 2138 1302 2178 Brand.
1322 2141 1361 2178 1.
1380 2141 1421 2177 2.
1439 2137 1601 2189 Ultraj.
1623 2140 1661 2175 1.
1682 2137 1807 2176 multi
1836 2139 2015 2178 Torren.

175 2197 221 2233 et
241 2193 345 2235 Vet.
402 2193 508 2234 Mox
538 2194 799 2245 spectantium
829 2193 956 2232 oculos
985 2198 1025 2232 et
1054 2192 1206 2232 animos
1238 2192 1279 2231 in
1309 2191 1406 2231 edd.
1440 2198 1539 2232 ante
1570 2191 1800 2243 Pighium:
1832 2193 1959 2231 oculos
1976 2193 2015 2232 et

1005 2313 1189 2355 NOTAE

1182 2403 1519 2457 mLydorumque]
1575 2404 1693 2444 Asiae
1731 2404 1904 2444 minoris
1939 2416 2013 2456 po-

1129 2470 1220 2522 puli
1253 2469 1444 2519 fuerunt,
1466 2470 1539 2522 qui
1571 2475 1751 2522 propter
1781 2469 2014 2521 Phrygiam

229 2401 248 2430 ¹¹
269 2403 537 2457 Consualium]
577 2403 618 2445 A
645 2404 786 2445 Conso
805 2405 920 2455 Deo,
940 2404 1061 2456 cujus

175 2479 295 2508 arum
314 2467 520 2510 Romulus
555 2469 632 2510 sub
665 2474 823 2510 terram
857 2482 904 2510 se
935 2482 1061 2522 repe-

175 2531 281 2572 risse
299 2531 501 2582 dicebat;
529 2534 621 2574 sive
644 2534 872 2586 Neptunus
893 2535 1060 2587 Eques-

175 2595 255 2635 tris
276 2595 347 2638 ille
363 2597 530 2638 Consus
546 2604 675 2650 esset,
695 2598 784 2638 sive
800 2599 938 2652 quivis
953 2599 1061 2639 alius

174 2658 314 2710 Deus,
331 2660 405 2713 qui
424 2660 728 2713 rapiendarum
748 2661 961 2713 virginum
978 2662 1060 2713 ipsi

175 2728 328 2762 auctor
346 2721 493 2764 fuerit.
522 2723 574 2763 In
588 2724 653 2763 his
666 2724 778 2764 ludis
794 2737 890 2764 cnm
910 2726 1061 2776 multa,

175 2790 268 2826 tum
286 2785 329 2826 id
356 2787 541 2827 maxime
569 2788 798 2828 ridiculum
826 2787 925 2839 fuit,
945 2787 1059 2840 quod

175 2853 223 2889 et
253 2861 384 2902 equos
416 2856 464 2890 et
495 2851 638 2890 asinos
671 2863 755 2890 non
774 2851 900 2891 modo
933 2851 1058 2891 otiari

175 2913 385 2965 sinerent,
416 2913 493 2954 sed
516 2912 694 2955 floribus
718 2915 849 2954 etiam
883 2925 1058 2954 eorona-

176 2982 288 3019 rento

231 3038 468 3092 muretum]
510 3040 596 3083 Qui
627 3040 810 3092 primum
841 3040 884 3081 in
915 3040 1055 3093 Phry-

175 3103 246 3154 gia
278 3102 333 3142 ad
364 3103 521 3144 montis
555 3103 649 3144 Idae
682 3103 868 3154 radices,
888 3109 978 3144 tum
1012 3104 1056 3144 in

174 3165 320 3216 Creta,
338 3165 522 3219 denique
537 3166 581 3206 in
597 3165 768 3207 Graecia
781 3166 1032 3207 habitarunt
1046 3181 1058 3216 ς

175 3229 310 3270 multa
325 3230 381 3271 de
398 3231 462 3270 his
488 3230 663 3280 Strabo,
691 3242 834 3283 quem,
865 3230 900 3270 si
932 3232 1057 3283 plura

176 3292 375 3345 requiris,
402 3295 578 3335 consule
621 3294 694 3335 lib.
727 3306 774 3334 x.
811 3294 904 3334 haec
942 3295 1056 3336 enim

175 3364 271 3395 cum
291 3361 338 3396 et
355 3356 525 3397 ineerta
549 3357 651 3407 sint,
679 3362 725 3397 et
751 3356 988 3407 fabularum
1009 3358 1058 3398 li-

177 3418 322 3459 centia
362 3419 567 3473 pleraque
615 3426 835 3473 corrupta,
873 3434 898 3461 a
933 3421 1056 3462 nobis

179 3482 456 3523 omittuntur.

285 3549 435 3601 Delph.
452 3553 492 3590 et
519 3549 614 3593 Vor.
634 3552 743 3593 Clas.

1129 2534 1302 2576 Pactoli
1320 2534 1437 2586 ripas
1457 2534 1717 2574 incolebant.

1183 2603 1204 2623 ¹⁸
1222 2598 1258 2637 A
1279 2598 1415 2649 quibus
1434 2597 1648 2648 Hetrusci]
1675 2597 1765 2648 Aty
1786 2596 1872 2637 dno
1892 2602 2015 2635 erant

1126 2659 1221 2712 filii,
1257 2660 1403 2713 Lydus
1436 2666 1480 2701 et
1515 2661 1787 2713 Tyrrhenus:
1832 2668 2014 2711 cumque

1128 2724 1248 2774 regio
1282 2724 1448 2776 ingenti
1477 2723 1590 2764 fame
1616 2723 1852 2773 laboraret,
1884 2723 2015 2763 ducta

1128 2796 1244 2830 sorte
1263 2803 1286 2830 e
1303 2790 1472 2831 duobus
1493 2789 1593 2830 filiis
1622 2789 1804 2830 retinuit
1834 2788 2015 2840 Lydum,

1128 2853 1394 2905 Tyrrhenum
1418 2865 1513 2893 cum
1535 2863 1689 2904 magna
1721 2851 1868 2904 populi
1890 2857 2012 2902 parte

1127 2915 1242 2956 foras
1264 2916 1383 2956 abire
1408 2916 1570 2968 jussit:
1600 2916 1737 2968 quiin
1768 2923 1861 2955 eam
1880 2926 2012 2966 appu-

1125 2979 1177 3019 lit
1195 2979 1338 3020 Italiae
1369 2984 1553 3030 partem,
1582 2991 1710 3031 quam
1742 2977 1915 3018 nomine
1935 2989 2011 3015 sno

1124 3042 1412 3094 Tyrrheniam
1467 3041 1719 3094 appellavit.
1794 3041 1920 3080 Nunc
1974 3040 2013 3078 la

1131 3107 1314 3148 Toscane.
1648 3137 1654 3141 ,

1179 3168 1395 3220 ⁰Scenico]
1441 3167 1478 3207 A
1509 3167 1639 3208 verbo
1677 3167 1836 3208 Graeco
1871 3164 2011 3214 σκηνὴ,

1126 3233 1279 3284 umbra,
1305 3232 1418 3286 quod
1458 3237 1559 3272 ante
1590 3232 1854 3292 theatrorum
1888 3243 2010 3269 usum

1126 3296 1206 3335 snb
1227 3294 1452 3341 frondibus
1471 3299 1518 3334 et
1540 3294 1801 3333 umbraculis
1822 3295 2011 3334 carmina

1126 3359 1362 3400 decantare
1381 3358 1572 3397 solerent
1589 3362 1802 3407 pastores.

1180 3428 1201 3455 Ρ
1231 3420 1477 3471 Satirarum]
1520 3422 1662 3460 Satira
1691 3419 1838 3460 fabula
1871 3427 1936 3461 est
1965 3420 2008 3461 in

1125 3498 1209 3537 qua
1235 3484 1407 3537 Tragici
1437 3483 1587 3524 Poe'tae
1614 3497 1693 3531 nec
1729 3484 1909 3534 Heroas,
1927 3497 2007 3526 nec

975 3552 1060 3592 Val.
1080 3552 1196 3593 Max.
1865 3552 1901 3590 R
