2346 3952
438 300 512 351 46

1086 317 1163 354 DE
1210 316 1608 356 ROMANORUM

790 527 1179 581 CORNELII
1218 528 1417 582 RUFI
1456 531 1557 583 ET
1596 532 1891 585 SYLLAE.

485 677 521 716 E
561 677 749 717 Rumms
793 677 876 718 duo
909 683 1075 719 tantum
1123 691 1306 720 summos

429 740 611 780 honores
633 740 820 780 assecuti
842 748 964 781 sunt:
986 742 1139 794 quibus
1159 743 1305 784 Publii

430 815 675 854 praenomen
694 803 791 854 fuit,
813 816 843 843 1.
863 809 988 855 pater
1007 810 1052 845 et
1070 804 1199 858 filius,
1218 819 1304 846 am-

429 866 484 905 bo
515 867 744 916 Dictator3
776 879 828 907 11.
857 868 925 908 hic
954 874 1168 920 praeterea
1199 870 1304 911 duos

430 928 690 969 Consulatus
727 942 837 970 anno
880 935 975 972 463.
1014 938 1060 973 et
1096 937 1191 975 476.
1238 946 1302 974 1v.

427 995 546 1033 Illius
597 995 746 1045 nepoti
799 996 971 1045 Publio,
1023 998 1135 1050 quod
1181 998 1303 1038 ludos

424 1057 695 1107 Apollinares
728 1070 782 1097 ex
809 1059 930 1099 libris
950 1060 1167 1113 Sibyllinis
1189 1061 1302 1100 cele-

425 1120 538 1159 brari
553 1121 769 1172 jussisset,
798 1123 975 1173 primum
994 1124 1188 1176 Sibyllae,
1210 1130 1300 1164 tum

422 1184 553 1234 Syllae
592 1196 827 1235 cognomen
864 1186 1047 1226 inditum
1082 1193 1160 1228 est.
1198 1199 1300 1229 v111.

425 1247 531 1298 Ejus
561 1247 749 1300 abnepos
780 1247 911 1290 fuisse
933 1251 1091 1291 dicitur
1110 1252 1158 1292 L.
1180 1252 1300 1304 Sylla

421 1310 623 1351 dictator.

473 1386 579 1415 vul.
622 1375 669 1416 L.
708 1375 842 1427 Sylla,
885 1376 1067 1428 primum
1098 1378 1299 1420 Quaestor

421 1438 470 1478 C.
487 1438 615 1478 Marii
635 1439 678 1477 in
698 1438 849 1479 Africa
867 1440 1123 1492 Jugurtham
1143 1453 1167 1480 a
1185 1442 1296 1482 Boc-

417 1502 495 1541 cho
514 1502 697 1553 accepit,
727 1501 882 1541 deinde
915 1503 1082 1554 legatus
1108 1503 1152 1543 in
1184 1503 1296 1544 bello

417 1564 647 1615 Cimbrico,
666 1565 916 1614 Teutonico,
935 1572 979 1606 et
999 1567 1142 1607 sociali
1161 1569 1295 1608 multa

416 1640 511 1668 cum
549 1627 718 1669 fortiter
773 1630 990 1682 gessisset,
1036 1630 1294 1682 Cluentium,

414 1692 643 1744 Samnites,
669 1698 714 1732 et
737 1692 941 1744 Hirpinos
967 1692 1166 1744 fudisset,
1195 1701 1294 1746 post

413 1756 657 1796 Praeturam
671 1757 947 1796 Consulatum
966 1769 1077 1797 anno
1091 1761 1183 1798 665.
1204 1771 1292 1798 om-

412 1819 529 1858 nium
561 1832 671 1871 pene
698 1820 853 1859 civium
880 1818 1108 1871 suffragiis,
1136 1826 1181 1860 et
1201 1821 1289 1861 bel-

409 1882 496 1920 lum
554 1882 894 1922 Mithridaticum
945 1882 1157 1923 obtinuit:
1212 1884 1288 1923 sed

409 1957 506 1985 cum
539 1947 748 1998 Sulpitius
777 1947 988 1986 Tribunus
1019 1947 1157 1999 plebis
1191 1961 1286 2000 pro-

409 2008 590 2049 vinciam
620 2015 665 2049 et
693 2010 850 2050 bellum
876 2011 918 2050 in
942 2011 1126 2051 Marium
1148 2018 1286 2052 trans-

408 2071 560 2123 ferret,
587 2074 630 2113 in
652 2073 815 2123 urbem,
844 2074 957 2114 unde
978 2074 1160 2126 fugerat,
1188 2089 1285 2117 cum

408 2135 600 2175 exercitu
621 2136 774 2185 rediit3
808 2136 949 2177 occiso
970 2137 1170 2189 Sulpitio,
1190 2140 1284 2179 Ma-

406 2199 516 2238 rium
535 2198 674 2250 fugat,
707 2199 858 2239 transit
877 2200 918 2238 in
939 2200 1169 2253 Graeciam,
1184 2214 1284 2254 cap-

405 2261 544 2313 tisque
582 2262 782 2313 Athenis,
819 2262 1079 2303 Archelaum
1112 2265 1283 2305 Mithri·

405 2325 516 2365 datis
546 2326 700 2366 ducem
732 2328 865 2367 semel
892 2332 1021 2380 atque
1039 2329 1195 2369 iterum
1228 2330 1283 2369 ad

404 2389 724 2430 Orchomenum
762 2396 809 2430 et
845 2390 1120 2432 Chaeroneam
1154 2406 1278 2445 supe-

403 2457 492 2492 rat:
522 2453 752 2492 Fimbriam
781 2454 823 2492 in
854 2453 959 2493 Asia
988 2456 1208 2507 opprimit,
1235 2462 1280 2497 et

401 2528 508 2566 pace
527 2516 772 2556 Mithridati
802 2529 1005 2558 concessa
1037 2519 1080 2558 in
1107 2519 1277 2559 Italiam

399 2589 610 2625 reversus,
653 2578 902 2618 Norbanum
942 2581 994 2620 ad
1033 2581 1278 2634 Canusium,

396 2641 582 2680 Marium
595 2641 808 2693 juniorem
829 2644 880 2682 ad
900 2643 1209 2697 Sacriportum,
1223 2646 1275 2685 ad

398 2705 588 2744 Clusium
639 2705 892 2754 Carbonem,
940 2708 1178 2747 Telesinum
1229 2716 1275 2750 et

395 2766 608 2806 Samnites
624 2767 676 2806 ad
691 2767 869 2808 Portam
884 2769 1093 2809 Collinam
1116 2770 1273 2812 vincit:

394 2830 667 2871 Dictaturam
717 2839 918 2883 occupat,
969 2845 1093 2884 quam
1144 2834 1274 2873 tertio

395 2904 506 2932 anno
536 2899 636 2945 post
668 2893 871 2944 deponit:
902 2894 945 2933 in
981 2896 1045 2935 his
1080 2896 1272 2936 omnibus

390 2956 644 3008 laudandus,
657 2957 738 2995 nisi
752 2958 1049 2998 cruentissima
1061 2960 1272 3011 proscrip-

392 3020 509 3059 tione
529 3020 570 3059 in
592 3021 707 3060 cives
726 3020 958 3061 saeviisset:
991 3028 1174 3073 quatuor
1196 3035 1271 3062 ux-

389 3095 486 3122 ores
522 3082 690 3132 habuit,
718 3083 886 3132 AEliam,
912 3084 1104 3133 Caeliam,
1133 3086 1266 3124 Caeci-

387 3146 487 3183 liam
509 3145 679 3185 Metelli
707 3145 767 3197 pii
786 3145 934 3195 filiam,
962 3151 1008 3186 et
1026 3146 1263 3186 Valeriam:

389 3220 442 3246 ex
463 3208 649 3248 Caecilia.
679 3219 744 3248 lx.
775 3208 980 3248 Faustum
1000 3210 1156 3262 Syllam
1177 3222 1265 3249 sus-

388 3271 521 3321 cepit,
549 3277 595 3311 et
622 3272 838 3321 Faustam,
867 3285 963 3324 quae
996 3273 1176 3324 primum
1211 3275 1264 3316 Q.

387 3332 597 3384 Pompeio
617 3333 745 3384 Rufo,
774 3339 862 3374 tum
883 3335 932 3376 C.
949 3335 1172 3387 Mummio,
1193 3337 1264 3376 de-

385 3396 514 3447 nique
533 3397 579 3436 Τ.
595 3397 747 3436 Miloni
764 3397 923 3449 nupsit.
964 3399 1119 3439 Fausto
1131 3400 1261 3451 Syllae

385 3457 596 3509 Pompeia
617 3460 797 3511 Pompei
817 3461 967 3511 Magni
985 3460 1071 3502 filia
1093 3463 1263 3515 peperit

385 3522 582 3561 Faustam
604 3522 757 3562 AEmilii
781 3535 968 3565 uxorem.

1426 693 1528 722 vm.
1557 683 1684 735 Syllae
1704 683 1936 735 Dictator-i,
1955 685 1990 725 si
2014 686 2139 726 Dioni
2157 699 2250 728 cre-

1373 743 1526 797 dimus,
1566 745 1701 786 frater
1747 746 1830 787 fuit
1875 747 1967 788 Ser.
2001 749 2135 801 Sylla,
2178 760 2248 792 lx.

1372 807 1497 858 cujus
1533 807 1643 848 filius
1690 809 1866 849 Publius
1903 811 1952 851 C.
1988 811 2169 853 Caesaris
2204 815 2249 855 in

1371 869 1486 910 bello
1524 871 1639 910 civili
1677 873 1841 923 legatus
1875 885 1901 912 a
1930 873 2139 915 Cicerone
2169 877 2247 917 hac

1370 935 1578 984 oratione,
1605 947 1699 988 quae
1719 936 1848 975 etiam
1879 949 1992 977 nunc
2012 942 2153 989 extat,
2174 939 2247 980 de-

1370 995 1515 1037 fensus
1532 1003 1611 1039 est.
1642 1009 1690 1039 X.
1721 999 1824 1052 Ejus
1838 998 1950 1039 filins
1969 1011 2031 1039 xi.
2046 1005 2092 1040 et
2110 1013 2246 1053 nepos

1371 1059 1494 1099 Lucii
1533 1072 1616 1102 xu.
1651 1066 1697 1102 et
1727 1074 1940 1113 pronepos
1963 1063 2040 1103 Cn.
2062 1064 2244 1104 Faustus

1370 1124 1648 1165 Consulatum
1668 1125 1816 1176 adepti
1833 1132 1930 1165 sunt
1949 1139 1960 1175 ;
1991 1126 2149 1177 primus
2168 1127 2245 1167 sub

1367 1185 1566 1238 Augusto
1586 1200 1696 1228 anno
1715 1191 1810 1228 748.
1838 1189 1947 1228 alter
1973 1189 2049 1229 sub
2069 1190 2244 1231 Tiberio

1366 1261 1477 1290 anno
1497 1253 1592 1291 785.
1622 1251 1775 1291 tertius
1811 1252 1889 1292 sub
1922 1251 2104 1292 Claudio
2133 1265 2246 1293 anno

1366 1316 1460 1354 804.

1417 1377 1547 1430 Syllae
1586 1378 1827 1418 Dictatoris
1855 1381 2053 1418 naturam
2083 1377 2242 1418 Sallus·

1365 1440 1462 1492 tius,
1507 1441 1697 1494 corporis
1743 1441 1937 1482 habitum
1982 1440 2242 1481 Plutarchus

1363 1503 1612 1556 descripsit.
1649 1505 1839 1545 Sallustii
1862 1504 1991 1545 verba
2007 1510 2109 1545 sunt
2125 1504 2239 1552 haec:

1364 1567 1511 1620 ‘Sylla
1546 1569 1750 1609 Patriciae
1788 1569 1928 1621 gentis
1959 1567 2113 1609 nobilis
2144 1566 2242 1620 fuit,

1359 1630 1495 1670 literis
1514 1631 1682 1672 Graecis
1703 1645 1752 1672 ac
1771 1632 1938 1673 Latinis
1961 1633 2092 1685 juxta
2109 1638 2239 1684 atque

1359 1688 1607 1735 doctissime
1645 1696 1854 1748 eruditus,
1884 1696 2025 1736 animo
2055 1695 2238 1748 ingenti,

1359 1757 1539 1808 cupidus
1558 1759 1838 1812 voluptatum,
1855 1758 1932 1800 sed
1952 1758 2098 1812 gloriae
2117 1758 2236 1811 cupi·

1359 1819 1475 1870 dior;
1503 1821 1589 1861 otio
1625 1822 1843 1863 luxurioso
1880 1834 1990 1869 esse,
2033 1826 2178 1862 tamen
2210 1833 2235 1860 a

1356 1884 1543 1934 negotiis
1570 1897 1785 1938 nunquam
1816 1898 1912 1926 eum
1943 1885 2137 1937 voluptas
2167 1896 2233 1924 re-

1355 1952 1522 1987 morata
1558 1953 1647 1988 est:
1697 1947 1923 2000 facundus,
1965 1947 2161 2000 callidus,
2187 1952 2233 1988 et

1355 2009 1546 2050 amicitia
1568 2009 1725 2062 facilis,
1755 2011 1809 2050 ad
1844 2009 2084 2051 simulanda
2102 2021 2232 2061 nego-

1354 2073 1417 2111 tia
1436 2073 1617 2112 altitudo
1642 2073 1800 2125 ingenii
1820 2073 2099 2123 incredibilis,
2124 2074 2230 2113 mul-

1355 2138 1494 2174 tarum
1532 2147 1690 2187 rerum,
1731 2149 1780 2176 ac
1816 2136 1996 2176 maxime
2034 2136 2229 2188 pecuniae

1351 2196 1555 2248 largitor;
1585 2203 1715 2250 atque
1751 2198 1814 2238 illi
1849 2197 2096 2239 felicissimo
2129 2205 2230 2239 ante

1350 2260 1518 2300 civilem
1540 2261 1763 2301 victoriam
1783 2274 1997 2314 nunquam
2018 2273 2148 2314 super
2167 2262 2230 2301 in-

1348 2323 1553 2365 dustriam
1586 2324 1757 2366 fortuna
1788 2325 1886 2377 fuit,
1912 2326 2119 2378 multique
2150 2325 2229 2365 du-

1349 2386 1541 2427 bitavere
1563 2387 1717 2428 fortior
1732 2401 1786 2428 an
1804 2387 1970 2430 felicior
1985 2395 2114 2430 esset.
2157 2389 2225 2430 Ad

1346 2450 1426 2490 hoc
1441 2451 1597 2491 milites
1614 2452 1800 2504 benigne
1817 2454 2061 2504 appellare;
2080 2453 2225 2494 multis

1346 2515 1607 2566 rogantibus,
1630 2516 1722 2556 aliis
1742 2529 1820 2568 per
1839 2529 1886 2556 se
1904 2517 1998 2568 ipse
2013 2515 2225 2558 beneficia

1346 2577 1476 2627 dare;
1506 2578 1664 2618 invitus
1693 2579 1905 2631 accipere,
1933 2579 2009 2619 sed
2043 2591 2095 2619 ea
2125 2592 2223 2632 pro-

1345 2641 1581 2691 perantius,
1593 2654 1717 2693 quam
1731 2655 1788 2682 aes
1804 2648 1994 2682 mutuum
2013 2642 2218 2694 reddere;

1342 2703 1434 2756 ipse
1455 2717 1479 2743 a
1496 2705 1612 2744 nullo
1633 2711 1848 2756 repetere,
1876 2706 2012 2757 magis
2041 2706 2084 2746 id
2104 2707 2221 2746 labo-

1342 2778 1452 2817 rare,
1482 2773 1529 2807 ut
1564 2768 1626 2807 illi
1657 2769 1952 2820 quamplurimi
1985 2769 2221 2819 deberent;

1335 2830 1431 2881 joca
1446 2835 1570 2882 atque
1587 2831 1697 2870 seria
1714 2843 1808 2870 cum
1824 2831 2063 2871 humillimis
2075 2844 2219 2884 agere,

1341 2895 1383 2932 in
1405 2894 1622 2946 operibus,
1651 2893 1693 2933 in
1715 2894 1899 2946 agmine,
1929 2899 2056 2947 atque
2077 2894 2132 2934 ad
2159 2896 2218 2935 vi-

1341 2956 1462 3007 gilias
1483 2957 1640 2996 multus
1660 2956 1782 3008 esse‚'
1810 2960 1894 2998 &c.

1392 3018 1464 3058 Ita
1494 3019 1753 3058 Plutarchus
1774 3019 1985 3060 breviter:
2017 3019 2031 3042 ‘
2051 3019 2213 3060 Oculos

1335 3082 1526 3134 glaucos,
1555 3084 1625 3135 qui
1649 3095 1854 3136 perquam
1874 3089 1998 3125 erant
2018 3083 2150 3125 amari
2169 3091 2215 3124 et

1335 3151 1500 3196 truces3
1529 3148 1645 3186 color
1680 3147 1807 3188 faciei
1838 3149 1972 3199 magis
2006 3145 2215 3187 efferabat

1334 3216 1538 3261 aspectu:
1573 3208 1872 3251 efflorescebat
1909 3210 2021 3250 enim
2059 3221 2213 3262 aspera

1333 3272 1500 3311 rubedo
1532 3273 1731 3312 albedine
1762 3273 1940 3324 sparsim
1974 3270 2208 3313 interfusa:

1333 3334 1447 3373 unde
1477 3333 1634 3373 Sannio
1657 3335 1827 3386 quidam
1848 3333 2030 3374 Athenis
2050 3335 2094 3375 in
2113 3346 2210 3374 eum

1330 3399 1410 3437 hoc
1433 3411 1554 3437 versu
1577 3411 1674 3438 usus
1695 3404 1784 3439 est:
1834 3399 1960 3438 Mora
1977 3399 2014 3439 si
2031 3411 2208 3452 spargas

1328 3460 1480 3513 farina,
1509 3461 1606 3502 talis
1626 3467 1693 3502 est
1713 3461 1845 3502 forma
1859 3461 2018 3514 Syllae!
