2352 4022
504 326 637 364 cAP.
668 326 733 362 11.
779 325 856 362 oi:
898 318 1405 360 MAGis'rRATuuM
1446 316 1730 356 osricus,
1917 305 2028 357 245

200 453 345 510 sent,
372 462 511 498 unus
535 447 699 498 etiam
726 446 882 497 urina
906 458 1192 510 respersus
1218 446 1388 505 esset,
1423 441 1482 493 in
1508 439 1799 502 theatrum,
1853 443 1912 489 ut
1944 446 2028 490 est

198 531 549 585 consuetudo
576 531 835 593 Graeciae,
852 528 1171 591 introducti,
1195 528 1547 595 legationem,
1566 525 1768 594 quibus
1792 540 2027 591 accepe-

199 626 324 671 rant
344 618 545 681 verbiS,
573 620 935 685 peregerunt:
962 612 1029 664 de
1052 611 1158 675 his,
1184 629 1309 680 quae
1335 611 1496 680 passi
1522 614 1694 673 erant,
1716 607 1894 678 questi
1913 623 2025 660 non

198 709 405 767 sunt3¹
441 719 512 755 ne
552 700 685 770 quid
723 699 868 753 ultra.
906 714 974 750 ac
991 703 1032 727 ²¹
1071 696 1394 753 mandatum
1438 702 1608 760 esset,
1647 693 2024 764 loquerentur:

197 789 508 856 insitusque
528 793 573 816 ²²
612 785 933 855 pectoribus
960 798 1149 836 eorum
1175 782 1390 850 antiqui
1415 782 1586 834 moris
1609 785 1898 849 respectus
1924 778 2022 831 do-

196 874 336 938 lore,
363 875 460 942 qui
483 889 554 924 ex
582 870 912 924 contumelia
937 867 1301 935 gravissimus
1341 868 1592 930 sentitur,
1631 865 1870 919 convelli
1913 879 2023 916 non

196 957 421 1026 potuita*
496 956 690 1008 Finem
729 953 979 1022 profecto
996 957 1036 989 ²³
1074 950 1429 1004 fruendarum
1472 967 1662 1019 opum,
1705 950 1908 1019 quibus
1948 948 2023 1001 ad

195 1041 465 1094 invidiam
514 1041 610 1092 diu
661 1038 1067 1100 abundaveraS,
1127 1036 1432 1089 Tarentina
1478 1035 1701 1098 civitaS,
1751 1033 2026 1103 quaesisti.

198 1124 348 1177 Nam
371 1124 500 1177 dum
524 1123 764 1177 horridae
790 1123 1009 1174 virtutis
1030 1127 1078 1159 ²4
1094 1128 1118 1158 y
1154 1121 1212 1173 in
1240 1121 1485 1190 seipsum
1511 1136 1826 1173 connexum
1852 1121 2026 1178 stabi-

193 1210 501 1274 limentum,
539 1210 716 1262 nitore
755 1208 990 1262 fortunae
1017 1207 1310 1276 praesentis
1336 1205 1529 1259 inflata
1553 1206 1845 1259 fastidiose
1874 1205 2024 1259 aesti-

195 1311 333 1358 mas»,
380 1297 438 1348 in
479 1295 846 1365 praevalidum
896 1294 1115 1362 imperii
1164 1292 1343 1345 nostri
1385 1299 1735 1345 mueronemz
1773 1306 1931 1344 caeca
1968 1296 2024 1343 et

191 1396 385 1434 amens
407 1372 655 1434 irruisti!

238 1490 259 1524 ἱ
285 1490 518 1531 obser-catio
535 1491 656 1531 moris
673 1491 828 1542 antiqui
845 1491 946 1530 nihil
961 1492 1067 1531 ultra
1085 1493 1270 1530 mandam
1287 1491 1480 1543 loquendi,
1493 1503 1570 1531 non
1584 1490 1716 1542 potuit
1729 1490 1871 1541 expelli
1889 1501 2022 1529 eorum

189 1544 407 1594 pectoribus
423 1547 568 1595 dolore,
595 1547 662 1597 qui
678 1545 820 1584 sentiri
836 1546 933 1584 solet
960 1546 1154 1585 mamimus
1179 1557 1231 1584 ex
1258 1546 1503 1584 contumelia.
1564 1545 1601 1583 Ο
1625 1544 1767 1584 civitas
1791 1544 2020 1593 Tarentina,

189 1602 237 1636 tu
256 1603 360 1638 certe
377 1600 535 1639 voluisti
553 1600 726 1639 iuvenire
746 1599 872 1651 finem
890 1611 1001 1649 opum
1019 1603 1193 1647 tuarum,
1221 1597 1358 1650 quibus
1375 1599 1445 1638 diu
1471 1598 1738 1638 abundat-eras
1755 1609 1872 1648 usque
1887 1599 1938 1637 ad
1958 1597 2020 1636 in-

188 1653 334 1691 vidiam
351 1655 516 1692 aliarum
536 1653 743 1692 civitatum
757 1666 770 1692 .-
799 1666 889 1692 nam
907 1655 1001 1692 dum
1021 1653 1065 1692 in
1081 1654 1283 1703 splendore
1290 1652 1470 1699 sortunae
1485 1653 1680 1692 nascentis
1693 1652 1844 1691 tumida
1859 1651 2022 1702 superbe

187 1707 402 1749 contemnis
419 1707 602 1746 virtutem
625 1707 900 1756 Romanorum,
927 1711 966 1745 et
986 1709 1124 1746 duram
1142 1708 1194 1745 ad
1211 1707 1359 1745 labores
1379 1707 1546 1754 bellicos,
1562 1706 1786 1757 etfirmiter
1802 1704 2020 1744 stabilitam

186 1759 236 1798 ob
254 1772 474 1801 consensum
488 1761 636 1800 civium
650 1761 778 1800 aliena
793 1773 860 1813 ope
879 1774 954 1800 non
973 1761 1250 1812 indigentium,
1281 1773 1382 1800 coeca
1401 1765 1439 1800 et
1459 1773 1589 1800 amens
1611 1759 1816 1800 incurristi
1840 1761 1881 1798 in
1908 1771 2019 1799 arma

189 1813 339 1853 inuicta
357 1815 481 1854 nostri
502 1814 681 1866 Imperii,
706 1828 730 1852 α
748 1827 822 1865 quo
841 1827 972 1854 eversa
989 1827 1042 1855 es.

953 1906 1250 1923 OOOOOOOOOOOO

183 1962 383 2010 petendas.
437 1961 542 2000 Mox
562 1961 690 2000 Voss.
720 1960 838 2000 delet
863 1961 944 2000 ibi.-
975 1961 1073 2001 Vat.
1108 1965 1144 2001 1.
1182 1961 1313 2001 habet
1340 1961 1509 2012 injurias
1538 1961 1786 2012 recepissent.
1843 1959 2018 1999 Deinde

186 2014 309 2055 Laid.
326 2019 367 2055 ⁷.
401 2015 649 2065 legationem,
676 2028 714 2065 q.
749 2028 788 2054 o.
817 2028 856 2054 υ.
889 2015 956 2053 ubi
981 2020 1221 2066 pergerunt:
1249 2015 1423 2066 Pighius
1444 2015 1582 2055 edidit
1599 2017 1845 2065 acceperunt,
1867 2020 2019 2053 contra

185 2069 314 2108 codd.
334 2076 380 2108 et
405 2069 506 2108 edd.
535 2075 642 2108 vett.
673 2068 925 2108 fidem—21
957 2070 1060 2108 Vet.
1093 2070 1199 2108 ultra
1229 2082 1369 2120 quam.-
1399 2075 1583 2121 quatuor
1615 2070 1795 2108 Torren.
1833 2068 1939 2107 ultra
1970 2080 2016 2107 ac

185 2124 412 2163 mandatum
436 2125 648 2164 emh—22
688 2122 762 2162 Sic
798 2122 899 2163 Vet.
933 2135 1031 2163 cum
1061 2122 1214 2174 Camp.
1257 2130 1302 2169 et
1333 2123 1557 2164 Gemblac.
1613 2122 1723 2163 Alii:
1772 2122 2016 2173 intimisque,

183 2175 376 2228 intusque,
398 2175 621 2227 justusque,
649 2175 908 2227 victimisque,
940 2179 1006 2227 ᾅτ.
1064 2177 1207 2216 Etiam
1239 2177 1319 2222 hoc
1351 2177 1445 2216 loco
1472 2178 1573 2217 Vet.
1604 2189 1748 2216 veram
1787 2177 2016 2215 lectionem

186 2235 347 2270 tuetur.
403 2230 564 2281 Ultraj.
586 2234 624 2269 1.
643 2230 828 2279 atjustus
846 2242 867 2269 e
882 2229 1102 2280 pectoribus
1118 2243 1252 2277 eorum
1269 2231 1422 2282 antiqui
1440 2232 1559 2272 moris
1575 2234 1768 2282 respectu,
1794 2229 1904 2269 dolor
1932 2230 2015 2281 qui,

180 2285 250 2334 &a
309 2284 406 2324 Vat.
429 2287 467 2324 l.
487 2284 618 2323 habet
635 2285 765 2323 etiam
782 2285 903 2324 dolor.
960 2285 1138 2336 Pighius
1160 2296 1183 2324 e
1202 2285 1373 2326 Winck.
1394 2285 1531 2335 dedit,
1556 2284 1820 2335 gravissimus
1837 2287 2015 2323 nascitur

179 2340 220 2376 et
238 2337 533 2378 sentilam—23
564 2338 705 2378 Finem
734 2349 824 2376 vero
852 2338 1026 2388 profecto
1058 2338 1101 2377 iu
1136 2338 1290 2389 Ultraj.
1323 2342 1469 2378 1.—24
1498 2341 1599 2379 Duo
1631 2339 1898 2388 Torreniani,
1924 2337 2012 2377 hor-

181 2392 313 2430 rendoe
329 2391 504 2431 virtutis.
564 2391 670 2431 Dat.
689 2398 734 2431 et
755 2391 875 2431 Leid.
895 2395 936 2430 7.
955 2403 1200 2440 conventum,-
1228 2393 1327 2432 Vat.
1352 2397 1388 2432 1.
1419 2395 1613 2433 adnexum
1626 2406 1643 2440 ,·
1673 2392 1868 2443 Guyetus
1900 2391 2012 2442 conj.

178 2444 416 2491 conixum,-
443 2451 488 2486 et
507 2444 568 2486 sie
587 2445 726 2485 edidit
746 2444 926 2485 Ascens.
947 2457 1168 2497 exponens
1186 2459 1197 2485 z
1227 2449 1239 2468 ⁴
1254 2446 1439 2486 innitens
1455 2447 1498 2486 in
1517 2455 1563 2486 se
1585 2446 1752 2499 ipsum-²
1810 2445 2014 2487 Nonnulli

1008 2526 1184 2566 NOTAE

183 2609 377 2649 Romana
407 2606 546 2647 classe
576 2607 830 2658 appulerat:
858 2607 1061 2647 continuo
1130 2607 1290 2649 abeunt
1310 2609 1505 2659 Romani,
1520 2621 1669 2656 scurra
1687 2609 1858 2663 quidam
1880 2611 2014 2663 legati

174 2669 603 2723 Tarentini,quicum
619 2669 757 2708 Gallis
771 2674 817 2708 et
835 2668 1060 2709 Hetruscis
1129 2677 1271 2727 vestes
1304 2673 1408 2712 lotio
1441 2673 1673 2724 respersit;
1704 2680 1790 2713 tum
1813 2674 2010 2714 universo

178 2733 318 2773 foedus
339 2733 449 2774 clam
477 2733 676 2781 inierant,
703 2737 851 2772 contra
882 2745 930 2772 se
962 2733 1059 2772 mis·
1129 2733 1300 2774 theatro
1337 2736 1376 2773 in
1416 2736 1546 2774 risum
1591 2733 1742 2787 effuso,
1781 2742 1792 2759 ‘
1827 2737 2011 2786 Ridete:

179 2809 269 2839 sam
305 2796 512 2848 suspicati
558 2808 651 2835 eam
686 2796 901 2835 hostiliter
939 2796 1058 2835 inva-

177 2860 315 2909 dunt;
363 2857 558 2911 praefecti
608 2859 778 2899 navium
834 2860 1057 2910 trucidati,

175 2935 325 2963 omnes
358 2922 471 2962 bello
504 2922 631 2962 utiles
665 2923 783 2972 caesi,
813 2923 884 2961 alii
919 2923 1060 2973 pretio

179 2986 364 3026 venditi:
408 2985 521 3039 quod
560 2984 632 3023 ubi
667 2985 846 3025 Romam
881 2987 1056 3026 allatum

177 3054 261 3099 est,
289 3049 438 3101 legati,
463 3048 610 3100 quide
638 3048 794 3099 injuria
813 3051 1056 3101 expostula-

176 3117 290 3162 rent,
309 3113 425 3151 missi
445 3116 558 3152 sunt.

228 3181 254 3201 '
277 3175 541 3215 Gravissimas
559 3173 743 3225 injurias]
763 3174 808 3215 Si
830 3175 941 3229 quod
964 3188 1055 3215 ver-

174 3240 275 3280 bum
302 3239 440 3280 minus
465 3239 654 3291 elegans,
682 3239 841 3279 Graece
861 3241 972 3279 enim
993 3241 1053 3280 lo-

174 3303 433 3358 quebantur,
463 3303 659 3342 Romanis
690 3301 936 3353 excidisset,
970 3303 1051 3344 Ta-

173 3364 328 3404 rentini
347 3377 420 3405 eos
437 3365 635 3415 irridere,
653 3366 804 3405 tollere
825 3367 1051 3419 clamores,

173 3429 373 3471 barbaros
392 3429 630 3481 appellare.

225 3497 247 3519 ¹¹
277 3492 417 3538 Questi
446 3504 522 3534 non
538 3493 648 3547 sunt]
679 3494 715 3539 E
745 3494 912 3536 theatro
946 3495 1048 3537 dum

1126 2797 1264 2851 inquit
1298 2799 1587 2851 Posthumius,
1615 2801 1627 2821 ‘
1649 2799 1748 2838 dum
1773 2800 1891 2839 vobis
1930 2812 2010 2852 per

1128 2869 1298 2914 tempus
1320 2863 1443 2903 licet:
1476 2875 1572 2903 nam
1595 2870 1692 2913 post
1713 2864 1804 2903 haec
1833 2864 1903 2902 diu
1936 2861 2011 2903 fle-

1127 2927 1243 2973 bitis,
1272 2926 1370 2965 dum
1409 2927 1482 2965 has
1517 2933 1659 2966 vestes
1693 2928 1825 2965 multo
1853 2927 2008 2967 eunetis

1125 2991 1361 3042 sanguiue!
1403 2991 1511 3030 Haec
1534 2990 1731 3042 Dionysii
1753 2996 1852 3028 sunt
1871 2988 1978 3030 fere.

1180 3058 1197 3096 ‘c
1227 3054 1307 3093 An.
1328 3055 1391 3094 M.
1421 3057 1542 3095 3772.
1591 3054 1663 3094 Ol.
1687 3056 1777 3094 124.
1799 3057 1839 3093 3.
1896 3054 2004 3093 Urb-

1124 3117 1174 3158 C.
1194 3121 1288 3158 471.
1338 3117 1441 3157 Ant.
1464 3117 1542 3156 Ch.
1563 3120 1658 3158 281.

1177 3187 1195 3215 1
1213 3181 1403 3221 Horridoe
1418 3181 1594 3230 virtutis,
1605 3180 1695 3231 ἂμ]
1713 3179 1823 3222 Quia
1843 3180 2004 3220 Taren-

1122 3245 1199 3286 tini
1238 3246 1449 3295 Lucanos,
1483 3245 1673 3290 Brutios,
1719 3243 1942 3298 ipsumque
1976 3256 2002 3285 e

1121 3309 1294 3350 Graecia
1314 3309 1524 3360 Pyrrhum
1547 3308 1589 3347 in
1618 3307 1819 3347 auxilium
1847 3319 2000 3348 evoca-

1122 3378 1247 3411 runt:
1281 3370 1460 3411 Romani
1490 3381 1591 3410 vero
1621 3369 1705 3409 suis
1737 3369 1888 3421 opibus
1910 3370 2000 3410 bel-

1121 3437 1204 3475 lum
1226 3435 1330 3475 illud
1351 3434 1645 3474 confecerunt.

1172 3505 1188 3525 ²
1215 3497 1379 3551 Imperii
1399 3496 1526 3537 nostri
1559 3497 1798 3551 mucronem]
1828 3498 1996 3552 Fugato
