2352 4022
1978 295 2083 350 227

257 426 515 492 deducit3
553 426 843 495 efficitque,
866 431 931 479 ut
954 431 1232 495 concepta
1258 443 1344 490 ea,
1371 426 1634 480 continuo
1660 429 1718 478 et
1743 424 1858 478 tela
1891 430 1945 480 et
1971 430 2086 481 vim

255 513 458 564 veneni
483 511 806 564 vulneribus
830 511 1142 580 respuant!
1215 509 1330 563 Aut
1355 512 1413 563 in
1434 510 1776 579 Cephalania
1793 517 1892 540 ¹00²
1928 511 2080 564 insu-

259 597 334 661 la,
360 613 485 649 cum
510 597 692 648 omnia
717 596 921 665 ubique
954 610 1161 664 pecora
1199 595 1404 648 haustu
1446 611 1606 664 aquae
1634 595 1878 664 quotidie
1904 612 2086 650 recre-

259 686 437 745 entur,
464 683 519 734 in
545 698 613 734 ea
635 681 881 750 pecudes
901 687 916 711 ¹
954 679 1164 748 majore
1191 696 1265 732 ex
1288 686 1446 749 parte
1470 680 1601 732 anni
1643 696 1738 733 ore
1779 686 1970 750 aperto
2015 698 2088 735 ex

260 766 375 820 alto
402 775 593 819 ventos
618 765 952 833 recipientes
995 764 1145 816 sitim
1172 781 1330 817 suam
1353 765 1546 817 sedare
1572 766 1891 818 instituerit.
1965 764 2090 819 Aut

251 856 596 920 vquapropter
637 848 899 903 Crotonae
920 854 978 878 ²³
1010 850 1066 901 in
1107 849 1323 918 templo
1366 848 1404 901 J
1408 850 1600 901 unonis
1640 850 1890 903 Laciniae
1933 867 2086 904 aram

257 936 328 988 ad
367 951 557 989 omnes
598 938 792 987 ventos
833 934 1106 987 immobili
1144 935 1326 986 cinere
1364 934 1656 988 donaverit
1696 936 2088 1004 potissimum.⁶

261 1018 371 1072 Vel
418 1035 588 1088 quare
638 1020 864 1071 alteram
908 1019 967 1071 in
1012 1019 1390 1083 Macedonia,³
1410 1018 1430 1049 ¹³
1493 1021 1724 1074 alteram
1771 1008 1829 1073 in
1876 1020 2086 1074 Caleno

261 1109 437 1171 agro,c
471 1119 676 1171 aquam
702 1103 1097 1171 proprietatem
1129 1102 1262 1167 vini,
1304 1120 1415 1172 qua
1446 1105 1690 1157 homines
1734 1106 2087 1170 inebrientur,

258 1187 547 1256 possidere
588 1187 842 1241 voluerit.
923 1188 1058 1240 Non
1109 1188 1473 1250 admiratione
1513 1190 1643 1253 ista,
1695 1190 1794 1243 sed
1827 1191 2090 1244 memoria

258 1273 529 1341 prosequi
551 1272 849 1340 debemus3
891 1291 1017 1327 cum
1045 1275 1312 1338 sciamuS,
1358 1279 1505 1327 recte
1548 1276 1619 1327 ab
1649 1281 1760 1328 ea4
1795 1276 2091 1345 plurimum

759 309 890 348 CAP.
920 308 1055 348 vin.
1096 307 1176 346 DE
1217 305 1588 348 MIRACULIS.

312 1453 331 1480 ὃ
359 1455 424 1495 Ne
438 1457 526 1507 ipsa
545 1455 700 1506 quidem
720 1457 890 1506 Natura,
920 1468 1007 1507 quoe
1027 1455 1198 1496 omnium
1217 1467 1433 1507 corporum,
1458 1456 1542 1496 sive
1562 1456 1699 1496 bonam
1725 1457 1807 1496 sive
1832 1459 1990 1507 malam,
2009 1470 2092 1497 ma-

258 1509 400 1548 teriam
417 1509 547 1562 efficit,
574 1513 703 1559 potest
720 1511 910 1549 rationem
926 1510 1103 1560 reddere,
1127 1521 1202 1548 cur
1229 1509 1311 1548 haec
1329 1510 1517 1549 miracula
1532 1511 1727 1561 proecz'pue
1741 1511 1995 1562 contigerint,
2024 1516 2095 1550 aut

257 1564 302 1601 in
320 1562 533 1613 Dripetine
549 1562 645 1615 filia
665 1563 790 1612 Regis
807 1563 1087 1614 potentissimi,
1113 1566 1182 1602 aut
1199 1562 1243 1602 in
1263 1563 1412 1602 Prusia
1434 1563 1542 1613 Rege
1560 1564 1789 1614 clarissimo,
1816 1568 1886 1603 aut
1914 1565 1958 1604 in
1975 1565 2094 1603 Anti-

253 1619 372 1666 patro
385 1618 469 1656 viro
485 1615 715 1667 praestantis
730 1617 895 1667 ingenii,
910 1620 979 1656 aut
995 1617 1037 1656 in
1056 1617 1284 1668 Polystrato
1300 1620 1338 1656 et
1353 1616 1399 1655 H
1399 1618 1572 1668 ypoclide
1584 1618 1684 1657 viris
1696 1617 1947 1669 doctissimis,
1962 1623 2032 1657 aut
2050 1618 2093 1657 in

257 1669 387 1720 lynceo
408 1670 474 1710 illo
505 1670 659 1710 homine
685 1669 830 1722 infimae
861 1669 993 1710 sortis.
1052 1671 1137 1710 Nec
1166 1670 1289 1709 etiam
1320 1674 1451 1720 potest
1482 1673 1645 1711 reddere
1675 1671 1882 1723 rationem,
1910 1685 1983 1712 cm
2011 1676 2093 1710 tam

259 1723 451 1762 amaverit
468 1735 605 1775 capras
623 1724 831 1774 sylvestres
845 1725 1002 1785 genitas
1018 1724 1060 1763 in
1081 1724 1203 1763 Creta
1222 1724 1371 1774 Insula,
1400 1728 1443 1763 ut
1463 1737 1550 1763 cum
1568 1725 1733 1778 confixae
1763 1729 1854 1766 sunt
1880 1726 1984 1774 telis,
2003 1725 2094 1764 illas

259 1779 404 1816 natura
422 1776 508 1828 ipsa
524 1777 706 1816 videatur
723 1777 905 1817 manibus
922 1776 1003 1817 suis
1035 1778 1221 1816 deducere
1251 1779 1301 1816 ad
1333 1779 1571 1818 dictamnum
1605 1779 1776 1830 herbam,
1806 1791 1893 1830 quae
1925 1783 1984 1819 est
2015 1779 2096 1818 illis

260 1829 475 1869 remedium
491 1831 687 1869 salutare.-
706 1831 901 1882 facitque,
928 1835 989 1883 ut,
1017 1843 1061 1871 ea
1081 1831 1151 1870 her
1153 1830 1201 1870 ba
1219 1830 1390 1882 digesta,
1413 1831 1574 1881 ejiciant
1590 1833 1775 1873 continuo
1803 1846 1853 1873 ex
1871 1833 2095 1873 vulneribus

253 1885 294 1922 et
311 1882 485 1932 sagittas
503 1887 542 1922 et
561 1896 760 1924 venenum.

313 1941 330 1962 ⁶
361 1937 493 1981 Quare
509 1937 675 1976 voluerit
693 1941 737 1976 ut
755 1937 970 1977 Crotonoe'
954 1950 998 1978 m
1015 1938 1158 1989 templo
1172 1937 1342 1977 Junonis
1353 1938 1530 1978 Lacinia,²
1548 1943 1649 1980 esset
1661 1941 1856 1993 praecipue
1869 1952 1957 1994 ara,
1973 1952 2093 1991 supra

259 1999 375 2041 quam
391 1989 492 2030 cinis
510 2003 562 2031 ex
580 1990 740 2031 victima
758 1991 914 2032 incensa
931 1993 1089 2032 relictus
1107 2003 1132 2031 a
1151 1993 1256 2031 nullo
1274 1996 1386 2032 vento
1405 1994 1556 2043 agitari
1571 1998 1714 2045 potest.

1038 2111 1084 2127 ‘O
1090 2111 1340 2129 ΜΝΜΝ

258 2198 613 2246 concerpta—loo
638 2194 765 2235 Multi
780 2194 907 2234 codd.
927 2194 1182 2246 Cephalania,
1199 2194 1330 2235 etiam
1347 2194 1630 2246 Cephalannia,
1646 2199 1690 2234 et
1710 2194 1958 2245 Cephalania.
1987 2193 2094 2234 Mox

258 2260 332 2287 usu
348 2261 461 2299 aquoe
479 2249 611 2288 Barb.
634 2253 671 2288 l.
692 2253 733 2289 2.
753 2248 873 2288 Leid.
893 2252 932 2288 7.
955 2249 1100 2288 Heins.
1125 2251 1164 2289 1.
1186 2251 1226 2289 2.
1245 2255 1291 2287 et
1309 2249 1464 2300 Copes.
1493 2260 1588 2288 cum
1617 2253 1716 2287 octo
1747 2248 1854 2288 aliis.
1856 2251 1934 2286 —1
1969 2248 2088 2287 Leid.

258 2303 301 2342 2.
320 2301 424 2342 inea
442 2314 589 2353 quoque
602 2306 717 2353 parte
742 2303 907 2353 pecudes
925 2302 1071 2352 majore
1103 2305 1218 2352 parte
1250 2303 1368 2342 anni.-
1400 2301 1523 2341 Leid.
1545 2306 1584 2341 5.
1605 2307 1648 2340 et
1666 2305 1706 2342 7.
1727 2313 1772 2341 εα
1789 2313 1883 2351 pars
1897 2303 2091 2352 pecudes,-

259 2353 335 2394 sed
355 2367 435 2417 pro
449 2368 543 2406 pars
563 2355 679 2395 aliud
701 2356 813 2408 quid
833 2361 961 2395 antea
986 2355 1159 2403 fuerat;
1190 2360 1236 2394 et
1267 2356 1444 2405 pecudes,
1470 2353 1647 2394 inferius
1680 2355 1850 2405 punctis
1882 2359 2093 2405 notatum,

259 2419 380 2460 quasi
399 2408 581 2448 deberet
600 2409 764 2448 deleri:
796 2409 955 2460 Ultraj.
975 2412 1015 2448 2.
1038 2407 1200 2448 omittit
1228 2410 1296 2447 in.-
1325 2409 1479 2460 Ultraj.
1517 2412 1552 2448 1.
1589 2409 1781 2458 exhibet,
1812 2421 1897 2447 eam
1926 2413 2094 2459 partem.

258 2461 493 2501 'lon-euius
514 2462 741 2514 legendum
761 2467 902 2513 putat,
930 2463 973 2502 in
990 2475 1036 2502 ea
1053 2474 1194 2514 capras
1212 2461 1357 2511 majore
1379 2475 1430 2501 ex
1456 2465 1571 2512 parte
1598 2462 1707 2512 anni,
1738 2463 1804 2512 &c-
1807 2465 1886 2500 -2
1916 2461 2095 2524 Aliquot

259 2514 388 2554 codd.
411 2516 596 2556 Crotone.
653 2516 760 2555 Mox
777 2517 880 2557 Vet.
899 2517 952 2555 ad
967 2528 1098 2556 omnes
1115 2528 1250 2564 auras,
1279 2516 1330 2554 ad
1364 2527 1496 2555 omnes
1528 2519 1676 2566 ventos,
1706 2526 1759 2553 ex
1781 2516 1941 2566 glossa:
1971 2516 2093 2565 potis-

257 2568 397 2607 simum
416 2569 573 2619 partim
595 2569 723 2609 estin
743 2569 872 2609 codd.
906 2570 1111 2620 margine,
1141 2569 1299 2620 partim
1336 2570 1420 2608 alio
1449 2569 1563 2619 loco,
1593 2574 1642 2608 ut
1672 2580 1790 2620 quare
1819 2569 2093 2619 potissimum:

260 2621 418 2672 partim
433 2622 603 2662 omnino
617 2622 739 2662 deest
755 2622 1036 2674 probantibus
1050 2623 1225 2673 Guyeto
1238 2628 1283 2663 et
1300 2622 1540 2662 Gudio.—3
1556 2623 1583 2663 J
1588 2634 1653 2661 ac.
1670 2635 1693 2661 a
1707 2622 1845 2661 Cruce
1862 2621 2091 2672 legendum

260 2680 388 2725 putat
407 2687 461 2715 ex
483 2676 597 2715 Plin.
619 2679 663 2714 et
679 2676 850 2717 Vitruv.
867 2677 909 2715 in
927 2676 1219 2727 Paphlagonia.
1273 2674 1380 2715 Mox
1400 2677 1499 2716 Vet.
1516 2676 1757 2727 proprietate
1774 2676 1951 2717 vini—4
1971 2675 2093 2714 Unus

260 2727 413 2771 Rhem.
442 2740 539 2769 cum
559 2729 661 2770 Vet.
688 2729 842 2771 ratione
867 2730 916 2770 ab
944 2741 1017 2778 ea,·
1043 2735 1090 2770 et
1121 2729 1183 2769 sie
1211 2730 1299 2781 legi
1331 2729 1479 2769 mallet
1498 2729 1684 2783 Lipsius„
1711 2729 1825 2781 quod
1858 2735 1903 2769 et
1935 2729 2091 2770 Colero

1089 2836 1264 2878 NOTAE

258 2930 302 2970 in
321 2941 425 2982 agro
443 2936 706 2984 perangusto
729 2937 906 2985 propter
919 2932 1140 2972 Dictaeum

258 2998 462 3034 montem.
515 2995 738 3034 Dictamni
761 2994 942 3047 figuram
960 2994 1026 3034 his
1047 3006 1140 3034 ver-

258 3054 377 3095 sibus
428 3057 645 3108 expressit
687 3058 892 3109 Virgilius
944 3057 1019 3099 lib.
1057 3068 1141 3099 xn.

259 3118 272 3140 ‘
296 3117 575 3158 Dictamnnm
602 3119 791 3171 genitrix
810 3121 985 3160 Cretaea
1001 3121 1142 3173 carpit

257 3180 314 3221 ab
345 3181 443 3231 Ida,
470 3182 713 3222 Puberibus
744 3184 911 3223 caulem
939 3182 1066 3235 foliis,
1095 3188 1140 3223 et

257 3242 364 3285 flore
394 3251 637 3286 comantem
670 3247 917 3298 Purpureo:
947 3258 1033 3285 non
1066 3246 1141 3285 illa

255 3303 362 3346 feris
381 3306 599 3359 incognita
617 3308 760 3359 capris
789 3308 1012 3359 Gramina,
1042 3320 1139 3348 cum

258 3372 381 3418 tergo
399 3370 595 3409 volucres
613 3371 778 3410 haesere
798 3370 1001 3422 sagittae.'

310 3435 328 3455 ²
343 3430 596 3483 Cephalenia]
619 3433 726 3473 Ionii
744 3434 871 3473 maris
886 3433 1041 3484 insula,
1055 3446 1138 3474 non

256 3491 408 3545 procul
428 3505 454 3532 a
471 3493 686 3537 Dulichio.
743 3496 869 3537 Nunc
892 3497 1110 3546 cefalonia.

1263 2935 1282 2958 ³
1312 2930 1512 2982 Crotonoe]
1540 2931 1669 2971 Urbis
1699 2929 1963 2980 Brutiorum‚
1992 2929 2089 2969 olim

1207 2993 1393 3034 celebris
1427 2995 1482 3034 ob
1517 2996 1684 3047 pugiles
1715 3000 1761 3034 et
1781 2993 1892 3034 aeris
1911 2993 2089 3033 salubri-

1208 3065 1366 3100 tatem:
1416 3059 1529 3100 unde
1555 3060 1686 3101 illud:
1716 3060 1729 3082 ‘
1751 3059 1942 3098 Crotone
1976 3058 2089 3099 salu-

1207 3121 1357 3162 brius.’
1411 3123 1556 3163 Hodie
1582 3125 1764 3163 Crotone.

1260 3184 1279 3212 ¹³
1299 3186 1553 3237 Macedonia]
1584 3186 1692 3227 Quae
1713 3184 1811 3224 olim
1830 3181 2023 3222 AEmonia
2043 3187 2090 3224 et

1206 3248 1407 3288 Emathia
1426 3248 1544 3287 dicta
1565 3252 1656 3287 est:
1686 3245 1873 3295 Graecia,
1889 3245 1998 3284 mari
2018 3244 2088 3287 Io·

1207 3312 1293 3362 nio,
1309 3319 1354 3352 et
1366 3313 1529 3364 AEgaeo,
1540 3312 1809 3364 Thraciaque
1828 3310 2090 3351 circumscri-

1206 3374 1335 3415 bitur.
1392 3375 1453 3414 La
1473 3374 1718 3415 Macedonie.

1259 3443 1276 3463 ε
1308 3438 1452 3476 Caleno
1470 3436 1587 3487 agro]
1616 3437 1801 3488 Propter
1820 3435 1944 3476 Cales
1963 3436 2085 3488 oppi-

1207 3498 1306 3538 dum
1326 3497 1588 3550 campaniae,
1616 3497 1729 3551 quod
1750 3508 1863 3542 nunc
1885 3498 2014 3540 Calvi.
