2352 4022
503 346 637 385 CAP.
669 345 774 384 vn.
816 346 893 384 DE
937 342 1298 384 msctrffluA
1344 340 1660 380 Mlm'rAm.
1889 331 1997 385 285

175 462 372 517 Sicilia
397 479 526 516 cum
551 464 801 531 fugitivis
817 469 839 493 ¹²
876 463 1066 531 gessit,
1114 461 1186 526 Q.
1231 460 1470 514 Fabium
1517 475 1768 528 generum
1819 475 1995 525 suum,

174 548 310 618 quia
334 549 672 616 negligentia
692 549 1201 602 Taurominitanam
1221 551 1439 600 arcem⁰
1477 545 1751 609 amiserat,
1775 546 1997 612 provin-

173 633 263 686 cia
277 633 451 702 jussit
469 634 750 687 decedere.
766 635 787 678 ss

241 719 295 770 4.
332 718 463 771 Jam
490 718 555 771 C.
579 719 746 772 Cotta
762 725 802 758 ¹5
819 726 842 759 Ρ
877 719 944 771 Ρ.
966 716 1255 770 Aurelium
1281 716 1689 779 Pecuniolam,q
1727 713 2000 782 sanguine

174 803 284 855 sibi
301 803 576 872 junctum,
603 820 764 873 quem
791 803 1076 856 obsidioni
1102 801 1449 870 Liparitanae
1474 800 1546 854 ad
1563 800 1818 868 auspicia
1838 816 2000 868 repe-

172 887 335 940 tenda
383 887 735 941 Messanam*
788 887 1118 940 transiturus
1167 886 1509 953 praefecerat,
1558 886 1728 953 virgis
1774 901 2000 948 caesum,

168 972 385 1026 militiae
410 979 428 1001 ⁸
462 988 688 1024 munere
717 971 759 1004 ¹⁶
805 972 943 1024 inter
982 971 1199 1040 pedites
1235 971 1388 1040 fungi
1434 970 1640 1039 coegit,
1679 971 1832 1040 quod
1873 970 1993 1039 ejus

171 1056 344 1126 culpa
369 1074 532 1126 agger
556 1057 840 1120 incensuS‚
861 1063 902 1097 ¹⁷
927 1056 942 1085 ‘
977 1060 1031 1110 et
1054 1073 1214 1125 paene
1238 1062 1421 1110 castra
1446 1057 1666 1109 fuerant
1694 1060 1878 1124 capta.
1905 1063 1930 1087 ⁴·

937 1180 960 1196 0
964 1179 1233 1195 ‘nmmo‘

171 1245 299 1288 codd.
320 1251 366 1286 et
383 1246 481 1287 edd.
511 1253 618 1288 vett.
653 1247 896 1300 praefernnt
925 1249 1118 1290 Rutilius.
1171 1248 1345 1290 Deinde
1380 1249 1537 1302 Copes.
1569 1250 1663 1302 quia
1690 1249 2000 1300 negligentiam,-

171 1300 286 1341 nnde
317 1301 516 1341 Perizon.
549 1302 663 1353 conj.
697 1303 763 1353 qai
789 1315 862 1353 per
893 1304 1187 1352 negligentiam.
1242 1304 1437 1343 Perizon.
1470 1318 1494 1343 a
1532 1304 1658 1343 Tauro
1688 1316 1845 1351 arcem,·
1872 1305 1999 1343 Voss.

175 1354 742 1407 Tauromenitanam;1)nraj.
758 1359 796 1395 2.
818 1357 1194 1396 Thauromentanam
1206 1370 1222 1404 ;
1252 1358 1393 1396 Bitur.
1412 1362 1449 1397 1.
1473 1357 1847 1403 Tauromontanam‚·
1865 1356 1999 1396 Barb.

174 1411 212 1448 1.
234 1408 554 1448 Toumar-itanum
566 1423 581 1456 ,-
613 1410 732 1449 Leid.
753 1413 794 1450 2.
809 1414 849 1450 5.
869 1414 909 1450 6.
941 1416 987 1449 et
1006 1411 1127 1462 Mog.
1151 1411 1525 1458 Tauromentanam;
1554 1412 1654 1450 Vet.
1678 1412 2001 1451 Tauromatanam

174 1488 187 1502 .
204 1490 215 1501 .
233 1490 244 1502 .
264 1462 582 1502 discedere—15
600 1463 694 1502 Jam
717 1463 763 1502 C.
785 1465 904 1502 Cotta
922 1463 1081 1502 desunt
1100 1465 1141 1502 in
1164 1470 1348 1515 quatuor
1362 1464 1663 1504 Torrenianis:
1694 1465 1793 1504 Vet.
1810 1464 2000 1514 exhibet,

169 1515 267 1554 Jam
286 1516 331 1554 C.
357 1515 477 1555 Cotta
506 1518 638 1555 consul
663 1517 717 1556 P.
734 1517 940 1556 Aurelium
955 1516 1094 1569 filium
1123 1517 1399 1556 Pecuniolam.-
1428 1518 1554 1558 Voss.
1587 1517 1846 1557 Aurelianum
1863 1517 2002 1569 filium

170 1580 311 1620 quem.-
338 1568 423 1608 duo
441 1569 594 1608 Leidd.
613 1569 754 1609 Bitur.
776 1574 816 1609 1.
834 1573 876 1610 2.
893 1575 937 1609 et
954 1570 1053 1610 Vat.
1072 1569 1278 1610 Aurelium
1295 1570 1432 1624 filium
1449 1571 1725 1611 Pecuniolam.-
1755 1571 1799 1610 in
1820 1571 1940 1611 Leid.
1959 1573 2001 1611 7.

169 1621 343 1673 punctis
377 1627 550 1661 notatur
578 1622 624 1661 τὸ
639 1622 804 1676 filium.-
828 1622 950 1663 Leid.
983 1626 1023 1663 2.
1057 1623 1209 1663 habet:
1248 1622 1457 1663 Aurelium
1483 1624 1618 1676 filium
1650 1637 1790 1671 suanm
1834 1629 1878 1663 et
1918 1625 2000 1664 alia

162 1685 309 1725 manu,
326 1675 593 1717 Pecuniolam.
647 1676 759 1716 Edd.
791 1683 898 1716 vett.
933 1676 1108 1728 habent,
1139 1678 1246 1716 Nam
1280 1677 1329 1716 C.
1362 1678 1506 1717 Cotta.-
1535 1678 1635 1718 Vet.
1669 1679 1765 1717 Jam
1800 1678 1848 1717 C.
1880 1678 2000 1717 Cotta

168 1730 302 1769 consul
335 1729 388 1768 P.
416 1729 621 1769 Aurelium
634 1730 770 1783 filiam
802 1730 1178 1771 Pecuniolam—16
1206 1730 1384 1781 Pighius
1418 1730 1645 1771 addiderat
1669 1731 1859 1782 gregalis,
1886 1732 1999 1782 quod

168 1781 342 1823 minime
360 1793 467 1836 opus
485 1787 565 1834 est,
594 1796 690 1824 nam
706 1784 748 1823 id
762 1784 851 1837 jam
866 1784 1024 1824 militiae
1043 1784 1220 1824 indicat.
1267 1785 1367 1824 Vet.
1387 1797 1546 1825 manera
1563 1797 1660 1825 cum
1681 1786 1796 1826 Dan.
1824 1785 2002 1836 gregalis

990 1891 1169 1933 NOTAE

165 1967 427 2020 licojudicio
453 1982 506 2010 eo
525 1970 751 2011 damnatus
769 1977 852 2023 est,
868 1972 983 2026 quod
1002 1972 1046 2013 in
1110 1969 1228 2013 facta
1246 1971 1421 2013 fortiter
1449 1971 1655 2013 dimicans
1675 1970 1894 2022 occubuit,
1914 1971 1999 2010 Eu-

169 2033 328 2074 amieos
360 2035 427 2075 Ti.
448 2036 633 2077 Gracchi
664 2038 949 2079 consuluisset
979 2052 1047 2079 as-

166 2095 328 2148 pet-ins.

221 2165 243 2186 ¹¹
261 2160 314 2200 In
332 2160 475 2202 Sicilia
491 2165 798 2217 cumsugitivis]
830 2167 942 2207 Dum
962 2169 1049 2209 bel-

167 2224 220 2264 lis
242 2224 366 2264 variis
395 2225 658 2267 distinemur
687 2229 884 2282 Romani,
905 2232 1048 2272 Eunus

168 2286 343 2340 quidam
358 2290 532 2329 natione
547 2291 678 2343 Syrus
698 2291 887 2334 fanatico
902 2292 1048 2336 furore

168 2350 368 2392 simulato
381 2349 673 2406 servos,quasi
687 2356 823 2408 Syriae
844 2357 956 2398 Deae
975 2359 1049 2398 im·

165 2413 305 2466 perio,
333 2414 388 2454 ad
418 2415 667 2457 libertatem
705 2426 860 2470 vocat;
897 2426 943 2461 et
978 2425 1046 2462 60.

166 2478 349 2530 amplius
373 2479 550 2520 millium
584 2482 761 2534 collegit
792 2484 1044 2525 exercitum.

165 2539 238 2580 Ita
275 2541 438 2584 Florus.
509 2543 709 2584 Alterum
742 2546 864 2586 addit
900 2548 1045 2588 Livius

165 2603 339 2644 nomine
382 2605 602 2658 Cleonem,
655 2608 726 2661 qui
769 2611 1047 2663 septuaginta

165 2677 384 2706 servorum
404 2669 535 2708 millia
549 2671 788 2713 contraxit:
816 2679 1044 2727 utrumque

165 2730 392 2782 conjungit
427 2732 664 2774 Diodorus.
720 2734 791 2774 Ab
825 2737 889 2776 his
923 2737 1044 2778 Prae-

162 2796 303 2832 torum
335 2801 518 2846 quatuor
550 2797 736 2843 Manilii,
764 2799 952 2849 Lentuli,
970 2800 1043 2840 Pi-

160 2855 294 2906 sonis,
310 2861 356 2896 et
375 2857 558 2909 Hypsaei
579 2871 696 2910 saepe
711 2859 795 2900 fusi
809 2862 1044 2915 exercitus,

160 2925 388 2973 castraque
408 2921 592 2973 direpta,
615 2922 753 2964 donec
782 2924 940 2965 Consul
957 2926 1043 2966 Ru-

162 2981 282 3023 tilius
295 2989 448 3024 contra
467 2997 540 3024 eos
560 2986 710 3027 missus
730 2993 809 3028 est.

216 3051 237 3071 ⁰
258 3046 614 3088 Taurominitanam
631 3051 778 3102 arcem]
825 3051 1043 3093 Tauromi-

162 3108 279 3149 nium
297 3109 501 3150 Straboni
522 3111 621 3151 urbs
653 3119 720 3153 est
747 3113 925 3165 Siciliae,
958 3117 1043 3156 Ro-

162 3184 385 3213 manorum
420 3173 626 3223 Colonia;
668 3188 782 3216 nunc
812 3177 1044 3219 Tam-mina.-

161 3233 400 3277 Ptolemaeo
420 3249 554 3289 mons,
572 3240 640 3278 cni
667 3240 816 3281 civitas
845 3249 938 3282 erat
966 3243 1043 3282 im-

162 3299 321 3350 posita,
338 3305 427 3340 tum
447 3315 472 3342 a
484 3303 620 3354 seryis
636 3312 859 3356 occupata.
899 3305 939 3346 A
957 3306 1045 3350 Ru-

163 3359 275 3412 tilio,
294 3362 336 3401 vi
352 3363 642 3416 Taurominio,
660 3367 899 3418 proditione
921 3370 1045 3409 Enna

165 3424 326 3475 captis,
346 3437 566 3467 servornm
600 3429 672 3468 alii
696 3430 737 3469 in
759 3432 911 3482 praelio
930 3433 1044 3472 ceci-

165 3486 338 3535 derunt,
369 3498 468 3538 pars
507 3490 592 3530 acti
629 3493 895 3544 praecipites,
942 3507 1041 3546 pars

165 3549 385 3601 suppliciis
417 3553 576 3592 necati.
647 3554 778 3595 Cleon
815 3558 1042 3608 eruptione

1111 2047 1191 2075 nus
1208 2049 1234 2076 a
1253 2037 1454 2076 Romanis
1469 2041 1623 2088 captus
1653 2036 1698 2074 in
1725 2046 1903 2075 carcere
1921 2034 1997 2073 mi-

1113 2110 1207 2138 sere
1228 2099 1372 2150 periit.
1428 2099 1540 2138 Haec
1561 2097 1796 2138 Diodorus.

1171 2167 1190 2210 ss
1211 2161 1294 2202 An.
1315 2163 1382 2202 M.
1401 2165 1523 2204 3922.
1550 2162 1620 2203 Ol.
1638 2165 1732 2202 162.
1753 2164 1791 2202 1.
1821 2160 1929 2201 Urb.
1947 2161 1997 2201 (3.

1114 2227 1211 2265 621.
1240 2223 1346 2265 Ant.
1368 2225 1416 2266 C.
1435 2228 1527 2266 131.

1168 2296 1190 2323 P
1212 2291 1261 2330 C.
1285 2290 1426 2342 Cotta]
1467 2292 1588 2331 Male
1609 2304 1634 2331 a
1664 2289 1841 2342 Sigonio
1874 2301 1999 2330 voca·

1116 2358 1187 2393 tur
1207 2354 1422 2395 Valerius.
1481 2355 1599 2395 Huic
1624 2354 1764 2406 primo
1794 2366 1849 2393 ex
1870 2357 2000 2405 gente

1114 2414 1295 2456 Aurelia
1314 2417 1457 2456 Cottae
1478 2417 1533 2457 ob
1560 2417 1822 2457 iracundiam
1842 2428 1998 2456 nomen

1113 2480 1325 2522 inditum.
1339 2481 1466 2522 Unde
1479 2481 1693 2521 distichon
1709 2481 1840 2521 illud:
1861 2481 1873 2502 ‘
1887 2480 2000 2520 Iras-

1114 2543 1154 2583 ci
1188 2542 1337 2584 faciles
1375 2544 1542 2595 Cottas,
1579 2544 1786 2595 vultuque
1825 2554 1997 2582 severos

1115 2606 1247 2646 Fama
1278 2605 1442 2657 refert3
1482 2607 1626 2647 domui
1659 2618 1813 2646 nomen
1832 2611 1878 2646 et
1897 2605 1997 2646 inde

1113 2670 1295 2711 datum.’

1164 2739 1185 2767 ‘1
1206 2734 1257 2781 P.
1276 2733 1483 2774 Aureliam
1495 2733 1767 2785 Pecuniolam]
1789 2733 1883 2773 Nec
1899 2745 1995 2774 cum

1110 2796 1299 2846 Valerio,
1346 2807 1428 2837 nec
1480 2796 1592 2835 inter
1632 2808 1679 2835 se
1717 2796 1997 2836 consentiunt

1112 2859 1342 2899 Frontinus
1366 2866 1412 2900 et
1431 2860 1651 2900 Zonaras:
1680 2859 1754 2899 ille
1780 2861 1896 2900 enim
1912 2861 1997 2900 Va·

1108 2923 1276 2974 lerium,
1294 2922 1363 2962 hic
1378 2923 1433 2964 Q.
1450 2922 1642 2963 cassium
1658 2923 1866 2976 appellat.
1895 2923 1995 2975 Ille,

1110 2986 1236 3026 sicuti
1275 2986 1486 3036 Valerius,
1522 2987 1655 3038 virgis
1691 2999 1850 3027 caesum
1868 2999 1879 3035 ;
1925 2986 1994 3026 hic

1109 3049 1321 3101 dignitate
1336 3049 1553 3102 dejectum
1568 3049 1736 3102 scribit,
1753 3049 1867 3102 quod
1885 3061 1994 3100 prae-

1111 3120 1179 3154 ter
1216 3114 1414 3154 Consulis
1447 3113 1694 3154 mandatum
1734 3112 1885 3151 urbem
1922 3124 1995 3164 ag-

1112 3188 1283 3230 gressus
1305 3179 1464 3217 multos
1484 3189 1508 3216 e
1529 3177 1616 3216 suis
1632 3175 1859 3216 amisisset.

1165 3245 1182 3266 ¹·
1196 3241 1439 3293 Messanam]
1476 3239 1639 3280 Urbem
1658 3237 1818 3278 Siciliae
1834 3237 1994 3277 Peloro

1112 3304 1403 3354 promontorio
1432 3302 1732 3354 propinquam,
1765 3313 1790 3340 a
1827 3300 1992 3340 Messe-

1110 3365 1193 3405 niis
1214 3364 1390 3410 Achaiae
1409 3365 1578 3416 populis
1599 3363 1814 3404 conditam
1833 3377 1844 3404 :
1873 3364 1993 3416 cujus

1111 3431 1262 3472 incolae
1283 3431 1465 3482 primum
1499 3430 1816 3479 Messanenses,
1835 3429 1991 3469 deinde

1110 3494 1357 3535 Mamertini
1377 3493 1485 3533 dicti
1505 3498 1616 3533 sunt.
1644 3492 1788 3532 Hodie
1803 3493 1991 3533 NIesst'ne.

1165 3563 1179 3582 ⁸
1197 3556 1426 3608 [Gregazis]
1459 3556 1645 3608 Militiae]
1685 3556 1897 3609 Gregales
1914 3557 1989 3596 mi-
