2294 3990
386 294 462 347 96

381 427 475 464 500.
505 423 651 474 millia,
682 423 873 476 equitum
908 426 974 463 60.
1009 432 1262 473 omnemque

379 486 618 527 exercitum
639 498 693 526 ex
721 488 812 526 sola
839 485 970 525 Italia
991 483 1120 524 fuisse
1140 483 1261 536 pedi·

1034 305 1113 341 DE
1156 300 1554 341 ROMANoRUM

1331 423 1421 460 tum
1440 422 1536 460 ⁰700.
1555 418 1701 472 millia,
1714 419 1905 473 equitum
1924 423 1991 462 70.
2018 421 2090 463 Ita
2106 422 2195 466 ille.

812 638 1001 704 QUIS
1057 638 1476 694 SOCIORUM
1518 638 1775 693 ORDO:

524 738 670 805 QUI
712 737 1475 793 EXTRAORDINAR-II:
1516 739 1663 804 QUI
1700 738 2066 793 ABLECTI.

427 853 568 914 So'cn,
589 867 633 902 et
661 862 704 901 in
732 862 883 903 castris
911 869 957 903 et
984 863 1028 904 iu
1058 864 1169 915 acie,
1198 865 1259 906 ita

375 927 575 980 dispositi
588 931 725 978 erant,
754 931 802 966 ut
832 927 1050 967 Romanas
1069 929 1259 980 legiones

378 994 592 1044 utrimque
631 996 857 1042 tegerent:
904 991 1020 1031 unde
1055 991 1068 1013 ‘
1100 993 1258 1032 alares'

372 1059 501 1108 vulgo
523 1054 657 1095 dicti:
689 1067 786 1094 cum
815 1054 929 1094 enim
958 1068 1106 1096 eorum
1138 1055 1258 1107 pedi-

374 1126 440 1160 tes
479 1120 696 1159 Romanos
733 1124 970 1170 aequarent,
1007 1124 1053 1159 et
1089 1120 1257 1171 equites

373 1184 505 1235 duplo
528 1188 807 1235 superarent:
838 1184 993 1222 multas
1023 1183 1067 1222 in
1094 1187 1262 1234 partes,

378 1259 432 1286 ne
454 1246 556 1298 quid
577 1245 676 1285 novi
705 1245 973 1297 molirentur,
992 1258 1064 1285 eos
1085 1245 1260 1285 distrahi

371 1311 500 1351 moris
528 1309 629 1360 fuit,
649 1315 693 1349 et
714 1309 875 1349 ordinis
903 1322 1047 1360 causa,
1068 1314 1114 1349 et
1137 1321 1258 1349 secu-

368 1375 526 1414 ritatis.
580 1373 632 1413 In
647 1374 698 1413 iis
715 1385 816 1413 vero
835 1373 1145 1413 distribuendis
1163 1373 1259 1412 haec

368 1439 516 1478 habita
535 1437 643 1477 ratio
664 1442 745 1488 est,
775 1442 824 1476 ut
853 1449 907 1476 ex
935 1437 1119 1477 alaribus
1140 1436 1260 1489 equi-

371 1504 487 1544 tibus
509 1502 641 1542 tertia
659 1514 774 1553 pars,
800 1501 880 1540 hoc
911 1506 995 1551 est,
1023 1506 1073 1541 ut
1092 1513 1146 1540 ex
1165 1512 1261 1540 sex-

371 1566 509 1607 centis
531 1565 734 1616 ducenti3
762 1576 815 1603 ex
846 1563 1063 1615 peditibus
1093 1562 1259 1615 quinta,

371 1630 417 1670 id
448 1634 530 1680 est,
550 1634 600 1669 ut
627 1628 741 1681 legio
772 1627 1008 1680 Polybiana
1032 1627 1154 1666 nobis
1188 1639 1260 1666 ex-

371 1693 514 1744 emplo
549 1692 619 1744 sit,
649 1704 704 1731 ex
734 1698 886 1743 quater
913 1691 1029 1730 mille
1050 1691 1263 1741 ducentis,

372 1756 617 1808 octingenti
640 1755 925 1808 quadraginta
952 1755 995 1794 in
1016 1754 1266 1808 Extraordi-

371 1820 513 1859 narios
538 1822 894 1858 secernerentur:
927 1823 1016 1857 tum
1035 1830 1087 1856 ex
1109 1818 1263 1857 Extra-

371 1882 612 1932 ordinariis,
630 1893 729 1933 pars
757 1881 863 1921 item
893 1880 1057 1932 quinta,
1079 1881 1159 1920 hoc
1180 1886 1260 1931 est,

372 1958 428 1985 ex
444 1945 643 1986 ducentis
658 1943 945 1997 quadraginta
959 1943 1002 1982 in
1020 1943 1230 1984 Ablectos
1247 1957 1259 1992 ;

372 2022 551 2062 quorum
591 2013 684 2048 erat
730 2007 973 2058 Consulem,
1015 2007 1059 2046 in
1098 2007 1182 2057 via,
1218 2007 1262 2046 in

374 2074 543 2126 castris,
563 2072 606 2112 in
627 2083 768 2124 pugna
783 2077 830 2112 et
846 2071 1060 2122 comitari,
1077 2076 1121 2110 et
1137 2070 1262 2111 tueri.

759 2220 965 2286 QUID
1006 2220 1289 2274 CORNU
1321 2235 1335 2271 ε

427 2344 535 2386 NON
554 2341 630 2383 abs
651 2354 699 2382 re
727 2340 862 2381 fuerit
888 2340 971 2380 duo
1003 2340 1087 2380 hoe
1107 2341 1150 2380 in
1167 2341 1266 2381 loco

374 2411 607 2449 annotare:
640 2417 786 2457 uuum,
814 2404 1029 2444 sociorum
1068 2404 1265 2457 ducibus,

373 2484 461 2513 non
481 2464 662 2511 Tribuni
681 2479 853 2518 nomen,
869 2468 942 2507 sed
970 2468 1182 2509 Praefecti
1201 2470 1264 2508 in-

373 2536 510 2576 ditum
546 2532 708 2573 fuisse:
739 2533 936 2580 alterum,
975 2532 1091 2584 quod
1130 2533 1261 2573 inter-

375 2599 494 2650 dum,
512 2598 583 2638 vel
603 2596 786 2637 eruditis
807 2596 1028 2648 negotium
1049 2596 1264 2638 facessere

375 2663 505 2712 solet,
523 2662 567 2701 iu
586 2659 781 2700 exercitu
805 2660 1014 2711 Romano,
1031 2672 1114 2701 non
1150 2661 1264 2702 idem

378 2738 458 2778 per
504 2725 647 2765 Cornu
694 2735 744 2763 ac
783 2735 863 2775 per
898 2722 1023 2763 Alam
1060 2724 1263 2777 intelligi.

378 2791 487 2831 Vult
508 2789 677 2843 quidem
708 2788 915 2839 Polybius
944 2788 1079 2829 socios
1098 2789 1139 2828 in
1160 2789 1265 2830 Cor-

375 2867 435 2895 nu
454 2855 654 2894 dextrum
676 2858 723 2893 et
740 2852 956 2892 sinistrum
973 2852 1102 2893 tribui
1119 2866 1132 2903 ;
1161 2853 1265 2893 Cor·

376 2931 436 2959 nu
465 2922 622 2967 tamen,
670 2927 767 2955 cnm
807 2914 923 2967 apud
962 2915 1129 2956 Livium
1174 2921 1265 2955 tum

377 2981 492 3036 apud
512 2981 617 3022 alios
638 2980 866 3033 plerosque
901 2991 1064 3032 omneS‚
1094 2980 1148 3020 de
1179 2980 1268 3020 Ro-

514 3166 644 3229 DE
708 3162 1003 3227 VARIIS

1080 3162 1488 3226 MILITUM

1328 865 1493 906 Eadem
1514 866 1681 906 ratione
1712 877 1790 917 pro
1816 865 1999 905 militum
2018 875 2212 915 numero,

1327 928 1455 967 niodo
1486 929 1729 981 pauciores,
1753 928 1882 968 modo
1908 929 2068 979 plures,
2094 933 2141 968 et
2167 928 2212 968 in

1327 993 1717 1044 Extraordinarios,
1738 999 1784 1033 et
1815 993 1856 1032 in
1874 992 2083 1034 Ablectos
2113 993 2212 1032 sirb-

1327 1057 1475 1097 ducti:
1506 1063 1553 1097 ut
1585 1057 1810 1109 plurimum
1840 1062 1983 1096 tamen
2017 1057 2134 1097 circa
2164 1067 2211 1096 se

1327 1119 1487 1159 Consul
1518 1119 1670 1159 habuit
1697 1132 1752 1159 ex
1790 1124 1971 1172 utraque
2007 1120 2075 1160 ala
2103 1119 2212 1159 duas

1327 1183 1519 1235 equitum
1549 1189 1728 1233 turmas,
1757 1184 1935 1224 alteram
1965 1196 2020 1223 ex
2048 1185 2213 1233 altera;

1327 1251 1373 1286 et
1392 1246 1593 1286 cohortes
1621 1247 1814 1297 peditum
1842 1252 2026 1298 quatuor
2052 1246 2211 1287 ceteris

1327 1310 1546 1362 aliquanto
1566 1310 1766 1350 minores.
1823 1311 1887 1350 Ex
1907 1309 1971 1350 his
1991 1310 2129 1362 quivis
2149 1310 2214 1349 in-

1328 1372 1498 1424 telligat
1531 1373 1724 1424 legiones
1757 1373 1972 1413 sociorum
2011 1373 2214 1414 Romanis

1326 1436 1472 1488 equite
1492 1436 1733 1488 superiores
1750 1435 1899 1487 fuisse,
1919 1437 2066 1488 pedite
2086 1436 2214 1488 paulo

1326 1497 1580 1539 inferiores:
1611 1512 1706 1539 nam
1729 1512 1785 1539 ex
1811 1504 1908 1540 600.
1928 1500 2150 1554 equitibus
2167 1505 2214 1540 et

1328 1564 1544 1616 peditibus
1566 1568 1688 1605 4200.
1708 1578 1720 1614 ;
1749 1564 1783 1604 si
1810 1568 1905 1604 200.
1934 1564 2116 1617 equites.
2139 1575 2214 1616 pe-

1328 1628 1439 1668 dites
1468 1632 1562 1668 840.
1592 1629 1635 1668 in
1670 1627 2044 1668 Extraordinarios
2073 1627 2216 1668 detra-

1330 1693 1432 1742 has3
1461 1693 1611 1745 reliqui
1642 1698 1766 1732 erunt
1797 1693 1963 1746 equites
1982 1696 2076 1733 400.
2098 1691 2217 1744 pedi-

1331 1761 1397 1795 tes
1431 1759 1553 1796 3360.
1588 1756 1660 1808 qui
1695 1756 1891 1796 cohortes
1928 1756 2078 1796 decem
2117 1757 2213 1794 336.

1331 1819 1513 1858 militum
1542 1818 1758 1860 efficiunt:
1798 1832 1852 1859 an
1886 1831 1985 1860 vero
2015 1819 2213 1862 cobortes

1330 1883 1431 1933 inae,
1466 1883 1507 1922 in
1539 1883 1778 1934 manipulos
1807 1888 1851 1923 et
1881 1884 2115 1934 centurias,
2142 1882 2214 1922 iti-

1330 1946 1425 1985 dem
1459 1958 1510 1986 ac
1543 1947 1764 1999 Romanae,
1793 1946 2027 1999 descriptae
2051 1951 2214 1995 essent,

1330 2010 1556 2051 obscurum
1575 2017 1658 2052 est.

1406 2220 1612 2286 QUID
1651 2220 1834 2275 ALA.

1333 2341 1469 2381 manis
1491 2341 1622 2381 etiam
1654 2339 1894 2392 legionibus
1924 2339 2108 2380 dicitur:
2139 2353 2216 2381 un·

1333 2406 1404 2456 de,
1441 2411 1490 2445 ut
1524 2405 1626 2444 mihi
1669 2404 1843 2457 quidem
1879 2404 2064 2455 videtur,
2100 2405 2216 2446 inter

1333 2470 1477 2510 Cornu
1514 2474 1559 2510 et
1587 2467 1713 2508 Alam
1743 2467 1788 2507 id
1818 2466 1901 2507 fuit
1930 2467 2215 2520 discriminis3

1333 2533 1446 2585 quod
1482 2533 1627 2574 Cornu
1658 2531 1712 2571 de
1741 2530 1979 2583 legionibus
2007 2533 2215 2573 Romano·-

1331 2610 1423 2637 rum
1445 2602 1491 2637 et
1519 2596 1731 2637 sociorum
1762 2608 1880 2648 soepe
1907 2595 2103 2647 dicatur3
2131 2596 2217 2638 Ala

1332 2661 1386 2702 de
1405 2660 1608 2701 Romanis
1638 2672 1831 2712 perraro,
1860 2672 1978 2712 saepe
1996 2659 2052 2700 de
2081 2661 2216 2702 socio-

1333 2737 1426 2765 rum
1447 2725 1597 2764 turmis
1620 2730 1665 2764 et
1694 2722 1970 2763 cohortibus:
1999 2721 2083 2763 fuit
2101 2724 2215 2764 enim

1332 2789 1418 2829 Ala
1434 2787 1618 2828 florente
1635 2785 1880 2839 Republica
1894 2785 2121 2839 aliquando
2132 2786 2217 2827 Ro-

1333 2862 1570 2901 manorum,
1595 2856 1644 2890 ut
1671 2848 1898 2902 plurimum
1929 2848 2142 2894 sociorum
2172 2859 2214 2888 e-

1335 2915 1553 2968 quitatus;
1581 2913 1659 2953 sub
1688 2911 2030 2964 Imperatoribus
2049 2910 2218 2952 Auxili-

1337 2990 1432 3019 ares
1453 2978 1591 3030 copiae
1612 2975 1698 3017 Ala
1714 2981 1760 3017 et
1774 2974 1923 3016 Alares
1938 2974 2046 3015 dicti
2065 2980 2180 3017 sunt.

1557 3165 1675 3228 ET
1743 3160 2084 3226 DUCUM

1042 3270 1577 3334 ORDINIBUS.

435 3408 664 3450 QUATUOR
687 3405 954 3460 potissimum
985 3403 1163 3444 fuerunt
1192 3402 1268 3442 mi-

380 3471 504 3511 litum
526 3483 697 3522 genera.
717 3470 902 3521 Velites,
919 3467 1118 3517 Hastati3
1139 3466 1264 3506 Prin-

1338 3404 1640 3456 Centuriones,
1654 3400 1851 3455 Tribuni,
1881 3397 2050 3453 Legati,
2075 3398 2218 3451 Impe-

1336 3473 1467 3508 rator.

380 3537 524 3588 cipes,
566 3541 613 3576 et
646 3534 831 3576 Triarii:
881 3534 1035 3575 ducum
1070 3531 1267 3583 totidem,
1327 3550 1331 3552 -
