2242 3958
382 270 453 322 72

386 405 457 455 qui
478 403 582 443 duos
603 403 711 444 filios
730 405 918 456 suscepit
940 405 1086 444 Caium
1114 410 1158 443 et
1179 406 1259 445 Ln-

384 468 523 506 cium:
555 480 732 519 quorum
765 469 836 507 ille
862 469 992 507 semel
1023 480 1133 508 anno
1165 472 1258 508 660.

387 530 544 570 Consul
566 529 663 581 fuit,
681 531 749 571 hic
769 531 834 571 bis
850 543 958 570 anno
977 534 1069 571 653.
1093 544 1188 571 cnm
1209 532 1259 571 C.

385 593 542 644 Mario,
552 594 766 634 etiterum
780 607 887 634 anno
897 598 991 634 667.
1003 607 1096 634 cum
1113 596 1264 645 Cinna,

384 657 525 697 Mario
539 664 720 708 mortuo,
734 657 935 698 suffectus
953 671 965 708 ;
994 659 1154 699 Censor
1167 671 1262 699 cuni

384 720 449 760 M.
474 720 676 772 Antonio,
702 728 748 761 et
777 721 977 772 princeps
1003 722 1209 763 Senatus:
1238 735 1263 761 a

385 783 592 823 Marianis
618 784 660 823 in
685 783 828 823 Asiam
858 790 1009 824 contra
1037 785 1263 825 Mithrida-

384 853 469 888 tem
488 848 639 888 missus
660 850 709 889 C.
730 849 926 890 Fimbriae
946 850 1078 902 legati
1099 851 1261 891 scelere

375 909 549 950 ‘occisus
581 918 673 951 est:
705 916 807 952 sunt
840 918 984 953 tamen
1020 914 1093 966 qui
1129 915 1262 955 velint

385 972 533 1013 Caium
554 979 599 1014 et
624 974 803 1014 Lucium
829 982 1049 1028 cognatos,
1068 989 1151 1017 non
1180 976 1261 1017 fra·

383 1041 473 1076 tres
505 1036 657 1078 fuisse:
690 1039 812 1079 Lucii
844 1039 954 1079 filius
980 1040 1078 1091 fuit,
1107 1042 1261 1081 Lucius

383 1100 455 1139 ille
496 1101 691 1151 Flaccus,
730 1104 803 1156 qui
847 1103 1006 1144 bellum
1053 1105 1262 1146 Cretense

383 1174 538 1215 magna
564 1176 620 1204 ex
658 1171 779 1217 parte
816 1167 976 1218 gessit3
1012 1167 1180 1208 Pisonis
1218 1175 1264 1210 et

385 1231 575 1277 quaestor
602 1228 646 1268 in
679 1229 907 1282 Hispania,
926 1235 972 1271 et
1003 1231 1191 1284 Legatus
1219 1233 1264 1273 in

383 1290 666 1342 Macedonia3
694 1291 728 1331 is
746 1293 855 1344 ipse,
871 1306 996 1346 quem
1016 1295 1170 1336 Cicero
1189 1295 1262 1337 de-

384 1353 546 1404 fendit3
575 1355 662 1395 duo
682 1356 742 1395 illi
769 1355 845 1396 filii
872 1358 962 1398 nati
991 1364 1089 1398 sunt
1109 1361 1263 1401 Lucius

386 1423 431 1457 et
464 1417 610 1469 Caius,
629 1431 805 1470 quorum
839 1419 912 1460 ille
945 1421 1025 1461 sub
1053 1422 1156 1462 Caio
1175 1423 1266 1464 (2ae-

385 1491 479 1519 sare
494 1480 665 1522 Praetor
678 1480 780 1533 fuit,
791 1482 859 1523 hic
871 1483 914 1523 in
931 1484 1123 1536 partibus
1138 1486 1263 1526 Pom-

386 1542 473 1594 peii
495 1543 640 1595 periit.

440 1672 618 1713 OPERAE
644 1673 829 1724 pretium
849 1673 1064 1715 facturum
1094 1686 1161 1715 me
1190 1689 1266 1728 pu-

386 1736 502 1785 tavi3
531 1737 566 1776 si
594 1737 878 1776 Romanorum
904 1735 1075 1777 familiis
1094 1738 1265 1791 subjun-

388 1813 532 1853 gerem
553 1802 717 1842 selecta
729 1801 912 1855 quadam
927 1813 980 1842 ex
997 1802 1142 1853 primae
1159 1804 1265 1842 clas-

388 1865 446 1904 sis
463 1865 709 1905 auctoribus
731 1865 998 1914 testimonia3
1025 1864 1178 1917 quibus
1192 1877 1265 1905 ex·

390 1939 538 1977 pressa
556 1928 766 1968 clarorum
796 1928 981 1967 virorum
1009 1933 1162 1968 natura
1183 1934 1265 1979 est,

388 1996 431 2029 et
464 1989 656 2030 indoles:
687 2002 783 2030 cnm
811 1991 924 2031 enim
956 1991 1141 2041 illorum,
1174 1997 1266 2033 tum

389 2052 501 2104 apud
517 2053 731 2093 Valerium
743 2054 980 2094 Maximum
996 2058 1086 2094 tum
1100 2055 1212 2106 apud
1227 2069 1268 2096 a-

386 2118 466 2157 lios
480 2118 703 2158 historicos
723 2116 923 2171 frequens
938 2125 1137 2165 occurrat
1150 2131 1267 2159 men-

389 2181 474 2231 tio;
499 2182 572 2234 qui
604 2193 750 2222 eorum
781 2194 922 2223 mores
954 2180 1143 2233 fuerint3
1173 2195 1266 2235 quae

388 2245 509 2296 vitia,
539 2258 633 2297 quae
663 2245 862 2296 virtutes,
890 2257 1152 2298 cognoscere
1181 2253 1267 2287 stu-

387 2309 534 2359 diosis,
558 2309 726 2361 opinor,
754 2321 839 2350 non
869 2309 951 2349 erit
979 2309 1268 2361 injucundum.

388 2371 442 2412 In
461 2377 551 2413 tres
572 2372 694 2425 quasi
713 2373 872 2413 classes
897 2372 1010 2413 haud
1037 2373 1268 2413 incommo-

390 2435 446 2478 de
466 2435 595 2477 tribui
613 2440 811 2489 possunt3
842 2436 915 2477 alii
935 2436 1046 2476 enim
1067 2437 1271 2488 Romani3

391 2499 464 2538 alii
499 2504 654 2540 contra
685 2499 901 2540 Romanos
937 2500 1119 2540 maxima
1155 2499 1269 2540 bella

392 2569 646 2615 gesserunt3
674 2564 762 2615 alii,
781 2564 850 2616 qui
871 2565 1029 2612 Graeci,
1046 2577 1130 2605 non
1154 2565 1270 2606 item.

392 2625 578 2666 Romani
606 2631 720 2679 sunt,
737 2627 791 2666 P.
811 2626 1026 2679 Sulpicius
1049 2625 1199 2677 Rufus,
1220 2628 1269 2667 L.

391 2689 568 2741 Sergius
601 2690 803 2740 Catilina,
828 2690 878 2730 C.
909 2689 1156 2731 Scribonius
1185 2690 1270 2731 Cu-

393 2753 472 2804 rio,
499 2753 564 2793 M.
597 2753 828 2805 Vipsanius
861 2751 1069 2804 Agrippa.
1109 2753 1158 2793 C.
1186 2753 1270 2793 Cil-

391 2815 486 2856 nius
503 2816 737 2868 Maecenas,
763 2821 809 2856 et
835 2816 885 2856 L.
915 2816 1046 2857 AElius
1077 2817 1272 2868 Sejanus.

394 2879 683 2920 Romanorum
710 2879 854 2918 hostes
879 2877 1163 2929 infensissimi,
1184 2879 1272 2920 Au-

392 2941 525 2992 nibal,
540 2941 769 2992 Jugurtha,
784 2942 1072 2982 Mithridates.
1111 2943 1274 2995 Graeci,

396 3007 660 3057 Alcibiades,
686 3007 1020 3059 Epaminondas,
1045 3008 1272 3060 Philippus

393 3070 596 3118 Macedo,
631 3069 878 3111 Alexander
908 3071 1107 3122 Magnus.
1162 3072 1272 3114 Quae

398 3134 453 3175 ab
473 3134 578 3187 ipsis
600 3139 724 3187 gesta
743 3134 831 3184 sint
859 3133 1049 3187 pluribus
1072 3135 1274 3187 persequi

396 3209 481 3237 non
499 3203 567 3238 est
583 3197 709 3250 hujus
737 3197 835 3239 loci.
890 3197 997 3237 Cum
1026 3202 1171 3237 tamen
1203 3197 1274 3237 iis-

398 3259 494 3299 dem
515 3260 751 3301 nominibus
766 3260 950 3300 maxime
977 3259 1094 3312 apud
1120 3260 1274 3300 Roma-

399 3334 476 3361 nos
506 3324 652 3374 plures
671 3323 735 3364 usi
760 3323 862 3375 sint,
881 3335 934 3363 ne
960 3323 1030 3363 cui
1058 3323 1275 3364 nominum

402 3385 638 3427 similitudo
675 3399 864 3429 errorem
894 3386 1090 3438 objiciat,
1122 3398 1276 3438 pauca,

1026 287 1107 324 DE
1150 286 1556 326 ROMANORUM

1326 406 1379 445 de
1402 406 1601 447 Romanis
1615 420 1804 460 agemus3
1834 414 1924 451 tum
1943 411 1996 451 de
2022 412 2090 464 iis,
2108 413 2203 465 qui·

1325 468 1404 508 bus
1434 469 1635 510 adversus
1665 472 1877 514 Romanos
1907 473 2062 515 bellum
2091 475 2199 526 futu

1325 531 1505 584 deniqne
1523 533 1576 573 de
1597 533 1781 574 Graecis.

1379 595 1430 634 P.
1450 597 1678 648 Sulpicius,
1697 610 1788 637 cum
1819 598 1947 651 Syllae
1976 605 2021 640 et
2036 602 2202 640 exerci-

1328 664 1415 698 tum
1437 666 1480 698 et
1514 659 1614 700 belli
1636 666 1786 701 contra
1809 662 2106 704 Mithridatem
2127 677 2199 714 ge-

1327 722 1448 761 rendi
1502 729 1760 774 potestatem
1800 724 2045 777 ademisset,
2085 726 2200 767 illius

1318 784 1444 836 jussu
1469 788 1595 838 paulo
1624 793 1722 839 post
1753 800 1889 829 caesus
1917 798 1998 830 est.
2054 790 2201 842 Hujus

1326 851 1611 903 eloquentiam
1631 853 1783 893 Cicero
1802 853 2012 894 describit
2031 855 2074 894 in
2092 856 2203 895 Bru·

1326 917 1397 962 103
1427 926 1562 954 mores
1598 915 1787 955 Velleius
1815 915 1889 957 lib.
1929 928 1982 956 11.
2022 917 2200 958 Cicero:

1327 977 1340 1000 ‘
1361 978 1462 1018 Fuit
1493 979 1606 1019 enim
1642 980 1873 1032 Sulpicius,
1914 982 1978 1020 vel
2018 981 2200 1022 maxime

1325 1043 1525 1094 omnium,
1540 1055 1645 1096 quos
1664 1043 1836 1096 quidem
1853 1056 1934 1096 ego
1950 1044 2202 1095 audiverim,

1325 1105 1521 1156 grandis3
1559 1112 1623 1156 et,
1656 1111 1704 1146 ut
1732 1106 1795 1146 ita
1828 1105 1981 1153 dicam,
2013 1107 2201 1158 tragicus

1325 1171 1497 1216 orator;
1525 1179 1624 1218 vox,
1640 1179 1737 1207 cnm
1762 1179 1928 1219 magna,
1948 1174 2036 1207 tum
2058 1169 2207 1208 suavis

1326 1236 1372 1270 et
1390 1231 1641 1282 splendida:
1672 1236 1816 1283 gestus
1835 1236 1881 1271 et
1898 1237 2038 1271 motus
2054 1243 2204 1283 corpo-

1326 1293 1382 1333 ris
1410 1293 1472 1333 ita
1492 1299 1714 1344 venustus,
1736 1298 1783 1333 nt
1811 1299 1952 1332 tamen
1979 1293 2033 1333 ad
2060 1292 2199 1334 forum

1326 1368 1410 1396 non
1434 1356 1489 1396 ad
1517 1368 1688 1396 scenam
1716 1355 1939 1396 institutus
1959 1355 2174 1396 videretur
2189 1370 2203 1399 ε

1325 1419 1506 1460 incitata
1535 1425 1580 1460 et
1611 1419 1825 1470 volubilis,
1853 1431 1934 1460 nec
1966 1432 2019 1460 ea
2047 1420 2206 1460 redun-

1328 1484 1434 1522 dans
1455 1489 1614 1534 tamen,
1627 1495 1707 1523 nec
1723 1482 2022 1523 circumfluens
2038 1482 2207 1523 oratio!

1328 1546 1543 1586 Velleius:
1565 1547 1577 1568 ‘
1593 1545 1643 1586 P.
1659 1546 1874 1598 Sulpicius
1884 1546 2099 1586 Tribunus
2112 1546 2204 1597 ple-

1326 1611 1390 1650 bis
1408 1611 1607 1659 disertus,
1624 1623 1738 1662 acer,
1754 1610 1919 1662 opibus,
1932 1610 2087 1662 gratia,
2100 1610 2202 1649 ami-

1328 1674 1458 1724 citiis,
1471 1674 1616 1726 vigore
1638 1674 1794 1725 ingenii
1810 1677 1854 1712 et
1873 1673 2002 1712 animi
2014 1673 2205 1714 celeber-

1328 1738 1457 1777 rimus
1479 1767 1509 1779 ..
1521 1766 1532 1777 .
1546 1766 1558 1778 .
1575 1738 1694 1789 quasi
1705 1737 1873 1789 pigeret
1887 1748 1982 1777 eum
1998 1736 2202 1777 virtutum

1326 1813 1514 1851 suarum,
1531 1807 1575 1841 et
1595 1802 1634 1840 ei
1654 1801 1761 1840 bene
1783 1800 1978 1840 consulta
2003 1800 2112 1840 male
2135 1811 2205 1840 cc-

1328 1865 1493 1915 derent,
1513 1865 1652 1904 subito
1674 1876 1829 1915 pravus
1851 1869 1896 1903 et
1915 1862 2137 1915 praeceps.’

1381 1929 1429 1969 L.
1450 1928 1660 1976 Catilinae,
1678 1928 1748 1979 qui
1778 1927 1834 1967 ob
1861 1926 2203 1977 conjurationem

1328 1997 1374 2031 et
1401 2004 1424 2030 a
1445 1991 1652 2031 Cicerone
1683 1991 1868 2030 Consule
1903 1990 2022 2029 Urbe
2058 1989 2207 2040 pulsus

1329 2060 1411 2103 est,
1439 2060 1482 2094 et
1510 2067 1535 2094 a
1563 2056 1740 2095 Petreio
1773 2055 1822 2095 C.
1853 2053 2030 2093 Antonii
2058 2054 2204 2105 legato

1329 2129 1575 2169 oppressus,
1612 2118 1794 2157 virtutes
1825 2122 1870 2156 et
1921 2116 2026 2156 vitia
2062 2127 2206 2167 perse-

1328 2182 1417 2223 cuti
1450 2188 1565 2231 sunt,
1593 2195 1688 2223 cum
1729 2184 1823 2234 ipse
1858 2181 2012 2222 Cicero
2043 2179 2086 2220 in
2113 2190 2206 2219 ora·

1329 2246 1445 2287 tione
1480 2259 1555 2299 pro
1584 2247 1648 2287 M.
1679 2246 1830 2295 Caelio,
1858 2250 1962 2291 turn>
1982 2242 2207 2284 Sallustius

1326 2309 1450 2350 initio
1469 2310 1573 2350 belli
1593 2308 1844 2352 Catilinarii.

1383 2373 1602 2415 Ciceronis
1636 2371 1766 2412 verba
1796 2376 1895 2411 sunt
1926 2371 2050 2410 haec:
2077 2369 2090 2392 ‘
2114 2368 2207 2413 Ha·

1328 2436 1424 2478 buit
1450 2437 1563 2476 enim
1587 2436 1659 2477 ille
1693 2435 1906 2487 permulta
1929 2433 2206 2473 maximarum

1329 2513 1414 2541 non
1449 2512 1654 2551 expressa
1686 2500 1824 2551 signa,
1851 2498 1926 2538 sed
1957 2496 2209 2536 adumbrata

1331 2564 1562 2604 virtutum:
1611 2563 1814 2602 utebatur
1856 2560 2097 2601 hominibus
2130 2559 2209 2600 im·

1331 2626 1475 2679 probis
1497 2625 1672 2675 multis;
1699 2630 1744 2665 et
1774 2624 1943 2677 quidem
1971 2622 2142 2674 optimis
2163 2634 2212 2662 se

1330 2690 1434 2729 viris
1453 2689 1644 2730 deditum
1671 2688 1923 2729 simulabat:
1953 2692 2076 2728 erant
2094 2686 2210 2739 apud

1330 2753 1448 2793 illum
1495 2753 1710 2792 illecebrae
1766 2750 1989 2791 libidinum
2033 2751 2208 2790 multae:

1332 2821 1455 2856 erant
1475 2816 1604 2855 etiam
1624 2813 1848 2854 industrias
1869 2813 2042 2865 quidam
2060 2812 2212 2852 stimu-

1333 2880 1362 2918 li
1390 2891 1438 2919 ac
1466 2878 1649 2918 laboris:
1678 2876 1915 2929 flagrabant
1944 2875 2048 2916 vitia
2070 2875 2212 2916 libidi-

1333 2941 1399 2981 nis
1420 2941 1533 2993 apud
1558 2941 1702 2983 illum:
1733 2939 1936 2992 vigebant
1963 2939 2093 2979 etiam
2120 2943 2211 2979 stu-

1334 3005 1404 3045 dia
1421 3005 1483 3044 rei
1502 3004 1728 3044 militaris:
1759 3014 1900 3055 neque
1926 3013 2008 3053 ego
2028 3013 2212 3054 unquam

1334 3067 1467 3109 fuisse
1489 3068 1575 3107 tale
1594 3074 1828 3107 monstrum
1852 3066 1895 3105 in
1925 3064 2050 3105 terris
2078 3064 2211 3104 ullum

1336 3136 1460 3181 puto,
1488 3134 1576 3169 tam
1611 3141 1665 3168 ex
1693 3127 1918 3168 contrariis
1948 3126 2214 3177 diversisque

1335 3194 1450 3234 inter
1482 3205 1527 3232 se
1557 3189 1841 3244 pugnantibus
1864 3193 2031 3228 naturae
2061 3187 2214 3228 studiis

1336 3256 1724 3310 cupiditatibusque
1734 3252 1980 3295 confla-tum.
2007 3252 2115 3295 Quis
2129 3253 2216 3292 cla·

1338 3321 1521 3362 rioribus
1536 3320 1635 3360 viris
1656 3317 1839 3371 quodam
1854 3321 2047 3368 tempore
2059 3316 2213 3367 jucun-

1339 3384 1464 3424 dior?
1493 3383 1586 3435 quis
1623 3379 1883 3432 turpioribus
1919 3379 2215 3431 conjunctior?

401 3447 554 3499 quibus
574 3449 681 3489 alius
701 3450 755 3490 ab
782 3450 867 3491 alio
893 3448 1059 3490 facilius
1086 3449 1279 3501 dignosci
1342 3448 1434 3499 quis
1453 3447 1558 3487 civis
1578 3444 1796 3499 meliorum
1818 3442 2003 3494 partium
2025 3442 2215 3494 aliquan·

403 3513 554 3564 possit,
573 3513 733 3554 addere
751 3526 834 3555 non
852 3513 1033 3568 pigebit.
1087 3512 1281 3554 Primum
1343 3511 1427 3552 do?
1459 3510 1551 3563 quis
1570 3508 1722 3549 tetrior
1748 3506 1878 3548 hostis
1903 3504 2002 3547 buic
2021 3504 2217 3546 civitati?
