2352 4022
481 305 589 359 392
974 323 1231 363 VALERu
1270 325 1512 365 MAXIMI
1554 329 1675 369 Lm.
1703 332 1795 372 111.

482 456 573 493 res
598 441 768 506 virOS,
794 441 1145 495 vehementes
1171 441 1431 497 inimicos
1457 463 1609 513 suos,
1654 453 1917 519 cupidam
1935 456 1978 488 ²⁸
2018 459 2126 514 sibi
2170 481 2297 532 pro·

477 525 770 580 sectionem
795 527 851 578 in
892 528 1236 594 provinciam
1283 529 1641 599 Hispaniam,
1686 553 1853 604 quam
1894 543 2116 598 sortitus
2159 557 2294 613 erat,

477 611 779 664 identidem
829 612 1252 678 exprobrantes,
1297 615 1505 683 legatos
1554 635 1747 673 secum
1788 623 1922 676 illuc
1967 627 2048 679 ire
2093 631 2294 698 coegit.

477 697 769 749 Fiduciam
788 701 834 735 29
857 711 964 747 non
989 695 1171 748 solum
1195 697 1519 763 fortem,sed
1545 720 1704 770 paene
1728 708 1894 761 etiam
1921 715 2290 771 temerariam!

473 798 597 850 quae
626 781 842 833 duobus
869 781 1147 834 acerrimis
1191 783 1339 836 odiis
1375 786 1552 840 latera
1604 805 1706 842 sua
1746 793 1965 860 cingere
2006 812 2148 850 ausa
2188 806 2289 865 est,

469 882 744 934 usumque
769 865 1078 948 ministerii,
1105 867 1204 919 vix
1226 874 1408 923 tutum
1432 872 1487 924 in
1511 874 1727 941 amicis,
1748 893 1779 928 e
1800 877 1921 930 sinu
1941 880 2288 937 inimicorum

468 956 658 1018 petere
684 950 987 1003 sustinuit}
1005 948 1030 972 ³¹⁶
2129 958 2134 964 ¹

537 1035 587 1087 6.
614 1034 864 1115 *Cujus30
899 1037 1105 1090 factum
1148 1040 1197 1091 si
1235 1042 1326 1094 cui
1370 1043 1578 1110 placet,
1620 1063 1856 1101 necesse
1899 1056 1990 1104 est
2029 1053 2094 1105 L.
2121 1054 2287 1108 etiam

469 1119 703 1184 Crassi,¹¹
742 1122 837 1189 qui
866 1122 1017 1189 apud
1043 1124 1284 1192 majores
1311 1127 1625 1195 eloquentia
1651 1131 1996 1187 clarissimus
2021 1136 2142 1200 fuit,
2159 1154 2287 1207 pro*

464 1207 711 1274 positum
735 1222 848 1258 non
872 1206 1197 1274 displiceat:
1234 1226 1362 1262 nam
1401 1229 1526 1265 cum
1570 1231 1643 1266 ex
1673 1218 1966 1271 consulatu
1980 1227 2020 1257 ³¹
2059 1224 2287 1288 provin-

465 1292 610 1343 ciam
637 1290 880 1343 Galliam
906 1292 1194 1358 obtineret,
1224 1299 1392 1362 atque
1417 1296 1476 1348 in
1519 1313 1642 1350 eam
1670 1299 1732 1351 C.
1761 1300 1963 1366 Carbo,
2002 1305 2160 1373 cujus
2182 1323 2283 1374 pa-

461 1380 636 1428 trem⁰
672 1375 1050 1440 damnaverat,
1092 1379 1164 1430 ad
1206 1381 1550 1448 speculanda
1594 1388 1722 1436 acta
1759 1401 1866 1439 sua
1892 1388 2150 1453 venisset,
2175 1406 2285 1443 non

459 1462 641 1514 ‘solum
667 1478 794 1513 eum
816 1461 943 1514 inde
967 1477 1078 1514 non
1106 1467 1424 1530 summovit,
1446 1468 1548 1520 sed
1571 1469 1798 1538 insuper
1820 1472 2007 1525 locum
2032 1474 2083 1525 ei
2108 1475 2166 1526 in
2191 1477 2283 1528 tri-

457 1547 653 1599 bunali
678 1547 1004 1613 assignavit,
1031 1564 1134 1600 nec
1159 1549 1278 1601 ulla
1302 1550 1372 1602 de
1394 1569 1474 1615 re,
1500 1552 1612 1604 nisi
1634 1570 1701 1605 eo
1725 1554 1780 1606 in
1806 1557 2104 1609 consilium
2128 1559 2281 1612 adhi-

457 1632 594 1694 bito,
622 1631 905 1700 cognovit.
979 1632 1182 1701 Itaque
1209 1651 1335 1687 acer
1361 1641 1415 1688 et
1439 1637 1735 1690 vehemens
1762 1638 1946 1693 Carbo
1972 1641 2108 1694 nihil
2132 1643 2280 1696 aliud

460 1716 688 1770 Gallica
711 1716 1146 1785 peregrinatione
1175 1725 1508 1773 consecutus
1534 1726 1637 1785 est,
1658 1739 1824 1790 quam
1849 1729 1911 1776 ut
1934 1726 2279 1780 animadver-

453 1805 594 1854 teret
619 1808 829 1855 sontem
846 1807 888 1840 ³²
927 1807 1134 1870 patrem
1159 1820 1320 1856 suum
1344 1806 1415 1858 ab
1442 1806 1790 1874 integerrimo
1819 1808 1933 1862 viro
1964 1809 2022 1861 in
2046 1811 2276 1864 exilium

449 1886 721 1940 missum.†

507 2030 523 2049 ⁶
555 2024 643 2070 Qua
670 2037 788 2064 ausus
815 2029 873 2065 est
905 2038 1056 2077 semper
1089 2026 1227 2067 habere
1250 2039 1377 2067 secum
1407 2029 1502 2067 duos
1530 2029 1650 2080 viros,
1683 2031 1770 2070 odio
1791 2031 1963 2072 maximo
1993 2033 2118 2084 ipsum
2147 2048 2274 2086 prose·

451 2082 622 2128 quentes,
643 2082 681 2117 et
699 2079 823 2118 voluit
850 2079 1028 2120 inimicos
1054 2080 1237 2120 adhibere
1265 2083 1317 2120 ad
1345 2082 1476 2121 omnia
1503 2083 1710 2133 legationis
1739 2097 1914 2137 munera,
1941 2099 2026 2138 quae
2052 2088 2189 2128 amicis
2206 2090 2276 2130 vix

448 2135 535 2171 tuto
553 2132 863 2173 committuntur.

1215 2200 1511 2217 “OC“‘O'O‘O

446 2267 720 2307 stantia.—28
750 2267 820 2308 Sic
840 2279 984 2308 omnes
1003 2268 1130 2309 codd.
1151 2270 1336 2313 Torren.
1355 2285 1452 2313 cum
1483 2272 1583 2313 edd.
1617 2271 1754 2325 antiq.
1794 2273 1967 2325 cupitam
1996 2273 2039 2313 in
2073 2275 2273 2327 vulgg.—

447 2323 502 2359 29
532 2321 707 2372 Pighius
740 2333 793 2360 ex
827 2322 976 2374 Camp.
1011 2330 1056 2362 et
1092 2325 1280 2376 vestigiis
1311 2325 1465 2367 Atreb.
1500 2326 1672 2367 Gembl.
1706 2326 1853 2366 Coton.
1883 2335 1927 2366 et
1951 2327 2123 2368 Winck.
2150 2329 2274 2380 legit,

450 2375 488 2412 Ο
503 2374 713 2426 fiduciam.
768 2375 941 2415 Deinde
974 2380 1072 2428 post
1104 2380 1353 2419 temerariam
1384 2379 1521 2420 Aldus
1557 2379 1784 2419 addiderat
1809 2380 2009 2431 exhibens,
2038 2381 2148 2433 quod
2182 2388 2272 2422 tres

447 2432 615 2467 tantum
651 2428 776 2468 codd.
810 2429 981 2470 habent.
1037 2429 1125 2470 Alii
1159 2444 1238 2483 pro
1269 2446 1355 2484 quae
1389 2462 1400 2473 .
1419 2459 1430 2474 .
1450 2463 1460 2474 .
1491 2445 1586 2472 ausa
1617 2437 1675 2472 est
1707 2433 1870 2483 legunt,
1899 2446 1975 2485 qua
2078 2439 2137 2474 est
2164 2447 2273 2484 ausa,

446 2486 602 2521 contra
621 2483 806 2532 plurium
823 2482 950 2522 codd.
980 2489 1026 2523 et
1054 2485 1153 2523 edd.
1189 2492 1297 2526 vett.
1331 2487 1757 2526 auctoritatem—30
1787 2486 1921 2535 Hujus
1940 2487 2130 2539 Pighius,
2159 2489 2273 2539 quod

444 2546 525 2574 nec
547 2535 671 2575 codd.
692 2548 772 2576 nec
791 2536 890 2575 edd.
909 2541 1014 2576 vett.
1034 2544 1388 2589 agnoscunt.—31
1419 2540 1490 2579 Ita
1509 2541 1608 2579 Vet.
1629 2551 1725 2579 cum
1746 2537 1900 2580 Atreb.
1919 2552 2024 2579 unus
2043 2541 2204 2581 Brand.
2224 2547 2270 2581 et

445 2589 600 2640 Ultraj.
622 2589 746 2640 prim.
779 2590 915 2629 ceteri
935 2603 985 2629 ex
1001 2593 1168 2643 consule,
1195 2595 1391 2642 exconsul,
1418 2606 1503 2633 cum
1521 2594 1663 2634 consul.
1718 2593 1880 2632 Nostra
1899 2593 2028 2633 lectio
2055 2594 2270 2645 siguificat

444 2643 457 2663 ‘
474 2649 572 2693 post
593 2643 890 2683 consulatum!
932 2645 1165 2684 Torrenius
1186 2651 1325 2685 tamen
1346 2647 1492 2686 malit:
1522 2659 1612 2686 nam
1630 2659 1716 2685 cum
1735 2648 1771 2686 is
1786 2648 1919 2686 consul
1931 2660 1946 2693 ;
1974 2647 2072 2700 quia
2091 2650 2269 2689 Crassus

443 2697 574 2735 consul
593 2697 855 2747 provinciam
875 2698 1059 2738 Galliam
1080 2698 1283 2750 obtinuit,
1313 2712 1397 2740 non
1413 2712 1515 2740 vero
1531 2701 1743 2749 proconsul.
1799 2701 1905 2740 Mox
1925 2701 2055 2741 Barb.
2081 2705 2118 2741 1.
2148 2701 2270 2742 Leid.

443 2752 482 2789 3.
503 2755 548 2790 et
568 2751 727 2801 Copes.
751 2751 975 2798 Gallicam;
1001 2751 1124 2791 Leid.
1144 2756 1182 2791 l.
1204 2753 1363 2792 Gallice.
1418 2754 1588 2792 Deinde
1612 2753 1732 2792 Leid.
1757 2757 1793 2793 1.
1818 2759 1862 2792 et
1896 2753 1996 2793 edd.
2029 2755 2159 2806 antiq.
2193 2755 2268 2796 Cn.

445 2803 693 2844 Carbo.-32
713 2806 818 2844 Vet.
831 2818 875 2856 p.
892 2809 1035 2844 sortem
1047 2819 1063 2852 ;
1091 2806 1242 2846 Rhem.
1258 2811 1294 2846 1.
1310 2811 1350 2846 2.
1367 2810 1406 2847 3.
1424 2813 1468 2847 et
1484 2807 1605 2847 Harl.
1621 2811 1759 2853 sonte;
1786 2807 1926 2846 Bitur.
1945 2811 1982 2846 1.
1992 2807 2085 2855 fore
2097 2820 2115 2854 ;
2146 2807 2264 2858 Leid.

441 2860 481 2897 5.
500 2856 680 2905 fortem‚·
710 2858 830 2898 Leid.
852 2863 892 2899 7.
915 2860 1070 2909 Copes.
1090 2860 1251 2911 Ultraj.
1271 2863 1312 2900 2.
1345 2862 1452 2901 Toll.
1471 2868 1515 2900 et
1536 2862 1654 2910 Mog.
1683 2865 1816 2908 recte;
1843 2859 1964 2900 Leid.
1985 2863 2025 2900 3.
2043 2860 2172 2912 sorte,
2198 2861 2267 2900 vel

440 2914 617 2963 sontem5
647 2912 806 2963 Ultraj.
825 2917 864 2953 1.
883 2916 1032 2952 sontem
1045 2927 1059 2953 .·
1087 2913 1202 2953 unde
1222 2915 1455 2955 Torrenius
1475 2914 1652 2966 conjicit
1669 2918 1773 2953 recte
1790 2917 1952 2965 sontem,
1969 2918 2026 2953 ut
2043 2917 2147 2954 recte
2166 2926 2264 2954 cum

1257 3021 1438 3062 NOTAE

494 3100 519 3123 *
538 3098 622 3142 An.
638 3100 701 3140 Μ.
717 3103 838 3141 3918.
868 3100 941 3141 ΟΙ.
962 3104 1053 3142 161.
1075 3105 1113 3141 1.
1141 3101 1252 3143 Urb.
1268 3104 1317 3144 C.
1385 3105 1625 3144 Damnatus
1644 3107 1726 3152 est,
1744 3101 1872 3154 quod,
1888 3101 1956 3141 vel
1970 3100 2184 3140 Triumvir
2202 3100 2263 3140 di-

437 3166 532 3203 617.
563 3162 666 3204 Ant.
686 3163 761 3203 Ch.
780 3167 873 3204 135.
1386 3166 1571 3206 videndo
1592 3178 1696 3217 agro
1715 3164 1969 3206 seditionem
1984 3163 2267 3215 excitaverat,

489 3233 509 3252 ¹¹
525 3227 575 3267 L.
595 3227 713 3266 etiam
727 3226 881 3277 Crassi]
910 3227 976 3266 Ex
998 3231 1127 3279 gente
1141 3227 1316 3267 nobilis·
1385 3230 1454 3269 vel
1474 3235 1624 3269 contra
1652 3228 1848 3268 Cimbros
1877 3238 1966 3265 rem
1990 3225 2099 3264 male
2117 3236 2261 3276 gesse-

435 3290 540 3329 sima
559 3290 814 3329 Liciniorum
832 3288 929 3341 fuit,
945 3290 1009 3330 M.
1030 3289 1204 3330 Antonii
1231 3291 1317 3329 elo·
1387 3297 1454 3332 rat
1471 3305 1482 3341 ;
1513 3295 1652 3331 morte
1673 3289 1912 3330 voluntaria
1928 3300 1973 3328 se
1989 3300 2014 3327 a
2029 3289 2262 3329 severitate

437 3353 625 3404 quentiae
643 3352 777 3404 gloria
793 3353 968 3392 aemulus
988 3365 997 3391 ι
1028 3351 1081 3391 de
1096 3364 1179 3405 quo
1200 3358 1243 3392 et
1261 3352 1316 3391 de
1381 3354 1570 3407 judicum
1594 3353 1843 3402 vindicavit,
1862 3363 1916 3391 ex
1933 3351 2153 3391 Cicerone.

437 3415 640 3455 Carbonis
654 3417 930 3456 damnatione
946 3421 1095 3468 postea
1110 3416 1316 3468 pluribus.
1437 3424 1455 3461 ὴ
1475 3416 1559 3456 An.
1580 3417 1643 3455 M.
1662 3418 1783 3455 3959.
1813 3414 1886 3455 ΟΙ.
1909 3417 2001 3456 171.
2019 3418 2059 3454 2.
2088 3413 2195 3455 Urb.
2209 3413 2259 3454 C.

490 3484 509 3503 ⁰
531 3479 653 3528 Cujus
667 3479 840 3530 patrem]
888 3480 937 3520 C.
962 3480 1186 3531 Papirium
1212 3481 1313 3520 Car·
1381 3484 1475 3521 658.
1504 3480 1611 3521 Ant.
1629 3479 1702 3520 Ch.
1722 3481 1790 3518 94.

434 3542 589 3583 bonem
668 3543 898 3583 Oratorem
974 3543 1313 3584 celeberrimum.
