2352 4022
406 310 513 362 4:32
904 324 1160 363 VALERu
1204 325 1445 364 MAXIMI
1485 327 1602 368 mn.
1642 328 1723 367 ιν.

405 438 672 492 adversus
715 454 776 491 se
824 434 1261 506 pertinacissime
1306 455 1485 507 usum,
1527 441 1870 512 tyrannidem
1886 453 1902 475 ⁵
1938 463 1973 499 a
1999 449 2216 504 civibus

407 522 649 574 delatam
665 522 711 552 ⁸0
745 522 997 589 adeptuS‚
1025 528 1410 579 tantummodo
1436 528 1568 596 quid
1608 529 1663 580 in
1705 532 2066 597 opprimendo
2089 550 2218 602 pos-

404 611 505 669 set,
534 606 863 666 admonuit,

472 693 526 741 ’7.
567 689 754 756 Hujus
774 690 879 741 viri
906 691 1110 744 mentio
1137 692 1380 761 subjicit,
1422 701 1485 746 ut
1527 695 1596 747 de
1638 700 1855 763 septem
1881 700 2218 766 sapientium

400 774 779 824 moderatione
820 773 1072 827 referam.
1146 775 1202 828 A
1227 778 1629 845 piscatoribust
1664 781 1719 831 in
1749 780 1976 835 Milesia
1999 784 2218 850 regione

398 856 785 911 verriculum⁸¹
805 864 828 886 ¹¹
864 859 1204 912 trahentibus
1257 863 1487 929 quidam
1522 864 1734 932 jactum
1776 871 2028 919 emerat?
2100 867 2216 920 Ex-

395 946 572 995 tracta
597 941 796 993 deinde
821 944 1004 1010 magni
1029 945 1290 1012 ponderis
1316 962 1484 999 aurea
1509 964 1700 1000 mensa
1727 948 2048 1016 Delphica,v
2094 957 2218 1004 orta

394 1027 772 1078 controversia
796 1032 911 1093 est3
948 1027 1059 1079 illis
1086 1028 1326 1095 piscium
1365 1046 1427 1082 se
1469 1036 1758 1098 capturam
1783 1032 2108 1086 ⁴vendidisse
2133 1035 2218 1087 af-

392 1109 753 1173 firmantibuS,
777 1110 886 1162 hoc
913 1111 1185 1164 fortunam
1202 1110 1396 1179 jactus
1423 1129 1483 1165 se
1507 1115 1708 1166 emisse
1723 1115 1768 1145 ⁸²
1790 1116 2045 1168 dicente!
2082 1116 2215 1181 Qua

392 1194 713 1246 conditione
727 1194 769 1231 ⁸³
809 1200 1032 1262 propter
1055 1197 1362 1249 novitatem
1385 1198 1481 1261 rei,
1506 1203 1563 1249 et
1588 1200 2015 1265 magnitudinem
2040 1218 2213 1269 pecu-

389 1279 516 1342 niae,
545 1278 615 1330 ad
641 1278 956 1331 universum
992 1279 1113 1347 ejus
1153 1280 1403 1334 civitatis
1447 1282 1723 1349 populum
1768 1282 1967 1346 delata,
2000 1284 2214 1352 placuit

389 1360 712 1429 Apollinem
739 1362 1076 1430 Delphicum
1103 1365 1342 1428 consuli,
1384 1368 1400 1392 ‘
1427 1366 1650 1417 cuinam
1675 1365 1985 1434 adjudicari
2018 1384 2213 1421 mensa

389 1445 641 1497 deberet.'
715 1447 870 1498 Deus
893 1449 1208 1516 respondit,
1247 1450 1364 1503 ‘illi
1391 1466 1517 1502 esse
1542 1450 1832 1514 dandam,w
1868 1452 1965 1520 qui
1990 1452 2210 1521 sapien-

389 1530 468 1582 tia
493 1535 704 1583 ceteros
730 1533 1050 1600 praestaret‚'
1086 1533 1174 1585 his
1201 1535 1410 1589 verbis:
1431 1535 1479 1573 ⁸4

439 1709 467 1729 ν’
499 1703 669 1748 Quidam
685 1716 708 1742 a
736 1704 991 1754 piscatoribus
1007 1717 1083 1745 non
1108 1706 1244 1758 procul
1260 1720 1285 1746 a
1304 1707 1446 1748 Mileto
1470 1712 1555 1748 rete
1582 1707 1824 1748 trahentibus
1851 1711 1998 1748 emerat
2022 1708 2210 1760 quidquid

382 1757 510 1807 primo
528 1758 627 1796 retis
642 1757 757 1805 jactu
774 1757 976 1808 cepissent.

435 1811 458 1853 ἓ
486 1811 648 1850 Emeore
682 1823 772 1850 vero
801 1812 952 1851 dicente
983 1824 1024 1852 se
1059 1813 1210 1864 emisse,
1238 1813 1426 1866 quidquid
1450 1814 1618 1864 fortuna
1651 1815 1695 1854 in
1731 1818 1814 1854 rete
1844 1814 1915 1855 hoc
1949 1813 2066 1863 jactu
2093 1814 2206 1855 indu-

384 1867 507 1902 ceret.

1148 1946 1224 1961 ‘N
1425 1946 1447 1960 Ο

382 2027 492 2062 vett.
514 2036 538 2062 a
556 2023 704 2063 civibus
725 2024 930 2077 Mitylenae
949 2026 1118 2066 delatam
1130 2038 1146 2072 ,·
1175 2025 1250 2065 sed
1272 2037 1420 2067 vocem
1444 2026 1649 2079 Mitylenoe
1669 2026 1879 2078 expunxit
1898 2025 2088 2077 Pighius,
2101 2029 2205 2079 ,quia

380 2075 423 2114 in
446 2077 571 2115 nullis
592 2077 718 2117 codd.
741 2084 1042 2129 apparet.--Sl
1074 2081 1185 2120 Dan.
1214 2091 1324 2119 unus
1359 2080 1521 2120 Brand.
1552 2080 1702 2120 Leidd.
1721 2083 1762 2119 2.
1785 2084 1824 2120 5.
1842 2083 1883 2119 7.
1913 2084 1958 2119 et
1985 2079 2144 2121 Medic.
2165 2085 2206 2123 2.

381 2130 633 2169 everriculum
645 2144 661 2177 ;
689 2143 822 2182 marg.
842 2133 999 2183 Copes.
1021 2146 1116 2172 cum
1135 2134 1237 2173 Vet.
1257 2138 1301 2172 et
1319 2134 1453 2173 Barb.
1475 2137 1511 2173 1.
1532 2145 1557 2172 a
1585 2146 1640 2173 m.
1670 2145 1758 2173 sec.
1791 2133 1995 2173 reticulum
2008 2144 2024 2180 ,³
2052 2135 2205 2187 reliqui

381 2182 505 2223 codd.
528 2196 623 2222 cum
643 2184 740 2224 edd.
756 2186 950 2225 omnibns
971 2187 1065 2226 aliis
1083 2187 1440 2226 verriculum—82
1471 2186 1581 2226 Edd.
1612 2193 1719 2226 vett.
1753 2186 1822 2225 hoc
1836 2187 2045 2235 fortunam
2069 2189 2207 2228 ductus

379 2237 516 2275 emisse
527 2250 543 2284 ;
566 2243 663 2276 ‘tres
681 2238 807 2278 codd.
828 2239 1031 2290 Pighiani
1049 2254 1059 2279 :
1088 2241 1158 2279 hoc
1176 2239 1434 2287 seforitanum
1453 2244 1602 2279 tractus
1620 2241 1756 2279 emisse
1765 2252 1782 2287 ;
1810 2240 1852 2278 in
1874 2239 1994 2279 aliis:
2023 2240 2094 2279 hoc
2113 2241 2204 2290 for-

380 2292 514 2329 tunam
532 2294 682 2330 tractas
697 2304 739 2330 se
757 2293 918 2338 emisse;
948 2293 1032 2333 duo
1048 2293 1175 2333 codd.
1198 2293 1402 2344 Lipsiani,
1431 2298 1475 2333 et
1495 2294 1686 2332 nonnulli
1704 2294 1881 2333 Torren.
1908 2304 2004 2332 cum
2023 2293 2126 2334 Vet.
2158 2302 2204 2334 et

379 2342 500 2394 Mog.
517 2344 655 2392 J‘actus
666 2357 681 2391 ,·
710 2345 780 2383 alii
801 2346 926 2384 codd.
948 2345 1161 2386 fluctuant
1180 2347 1293 2386 inter
1309 2349 1446 2386 ductus
1463 2352 1507 2386 et
1526 2350 1701 2386 tractus:
1732 2345 1854 2386 Leid.
1882 2348 1922 2386 3.
1942 2349 2108 2401 tractus,
2135 2347 2203 2387 vel

379 2397 534 2445 dactus,
564 2398 631 2436 vel
647 2399 781 2448 jactus
795 2412 811 2445 ‚·
840 2399 960 2438 Leid.
983 2402 1022 2439 7.
1045 2406 1091 2440 ut
1111 2400 1155 2438 in
1174 2398 1303 2439 Aldd.
1321 2406 1366 2439 et
1384 2400 1532 2439 Chalc.
1550 2400 1729 2448 fortunoe
1746 2400 1887 2438 ductus
1904 2399 2054 2448 emisse,
2083 2406 2128 2439 et
2147 2400 2202 2440 ab

380 2449 466 2488 alia
495 2461 636 2500 manu,
657 2450 865 2498 fortunam
894 2457 1070 2492 tractus.-
1102 2454 1307 2492 Torrenio
1336 2454 1469 2503 magis
1503 2453 1646 2504 placet
1683 2456 1844 2491 tractas.
1902 2451 1952 2491 In
1983 2453 2201 2506 plerisque

379 2501 505 2541 codd.
525 2508 570 2542 et
591 2503 690 2544 edd.
709 2504 833 2543 deest
852 2509 1015 2545 se.-—83
1045 2506 1057 2527 ‘
1077 2506 1149 2545 Ita
1169 2507 1269 2546 Vet.
1287 2518 1382 2545 cum
1400 2507 1507 2546 Mss.
1525 2505 1766 2545 contentione
1785 2511 1874 2544 tres
1888 2505 1996 2545 Mss.
2017 2511 2062 2545 et
2080 2506 2205 2547 editt.

379 2555 491 2607 quod
505 2556 655 2605 judice
676 2557 888 2597 'Porrenio
908 2559 1012 2598 satis
1031 2559 1205 2598 tolerari
1235 2564 1452 2610 potuerat.
1510 2560 1679 2610 Lipsius
1711 2558 1814 2598 satis
1846 2558 2067 2609 ingeniose
2098 2560 2204 2612 legit

378 2608 613 2659 cognitione.
664 2610 918 2650 Perizonius
937 2612 1115 2663 conjicit
1133 2612 1402 2653 condictione.'
1431 2613 1576 2663 Kapp.
1633 2612 1753 2651 Leid.
1774 2615 1813 2651 3.
1833 2611 2066 2661 conditione,
2084 2618 2131 2653 et
2150 2613 2203 2652 ab

379 2662 434 2701 al.
454 2674 510 2700 m.
540 2664 782 2703 contentione
797 2677 812 2711 ;
841 2665 999 2716 Copes.
1027 2666 1451 2705 contradictione.—S4
1479 2665 1591 2706 Edd.
1621 2670 1732 2705 vett.
1767 2664 1830 2704 his
1860 2664 1986 2704 verbis
2020 2666 2203 2714 (ulmeis,-

379 2714 456 2755 sed
472 2713 518 2754 τὺ
538 2716 690 2756 Graecis
709 2729 794 2757 non
817 2718 1037 2770 reperitur
1057 2715 1103 2759 in
1123 2718 1249 2759 codd.
1306 2718 1528 2771 Integrum
1547 2729 1795 2771 responsum
1814 2717 1901 2758 tale
1921 2723 2012 2759 est:

1200 2833 1378 2874 NOTAE

432 2932 447 2952 ⁸
466 2925 748 2979 Tyrannidem]
792 2926 984 2978 Pittaco,
1013 2932 1257 2980 postquam,
1322 2925 1403 2967 bus
1421 2926 1615 2967 Milesios
1635 2926 1827 2978 hospites
1843 2929 2064 2977 capturam
2077 2925 2203 2966 emis-

379 2993 424 3029 et
442 2989 720 3040 Phrynonem
744 2988 1072 3030 Atheniensium
1091 2990 1260 3040 ducem,
1324 3003 1370 3030 se
1397 2990 1546 3031 scribit
1575 2990 1849 3040 Plutarchus,
1876 2993 2202 3040 extractumque

377 3059 423 3092 et
442 3052 572 3092 Lesbi
590 3058 816 3104 tyrannum
839 3053 1076 3104 superavit,
1093 3065 1258 3092 summa
1322 3053 1537 3105 tripodem
1591 3064 1781 3102 aureum,
1834 3061 1959 3102 quem
2021 3049 2204 3100 Helena,

376 3120 569 3166 potestas
588 3127 614 3155 a
636 3115 800 3155 civibus
830 3115 975 3155 delata
993 3121 1060 3155 est
1078 3129 1090 3164 ;
1132 3127 1257 3167 quam
1325 3127 1422 3155 cum
1442 3127 1468 3154 a
1484 3115 1613 3166 Troja
1639 3113 1880 3165 navigaret,
1914 3111 2090 3152 oraculo>
2113 3123 2201 3150 mo·-

378 3190 475 3218 cum
513 3190 675 3217 summa
712 3178 918 3230 aequitate
954 3177 1106 3217 decem
1135 3178 1255 3216 annis
1323 3179 1415 3219 nita
1431 3179 1544 3218 hunc
1563 3179 1606 3217 in
1627 3179 1764 3218 locum
1780 3175 2013 3227 dejecerat.

377 3242 602 3294 tenuisset,
624 3242 891 3294 patriamque
904 3241 1070 3293 legibus
1091 3241 1259 3292 sap-ien-
1378 3249 1396 3268 ¹¹
1422 3242 1681 3292 Verriculum]
1724 3240 1823 3280 Hoc
1852 3245 1917 3279 est
1947 3243 2056 3285 rete,
2087 3237 2201 3291 quod

377 3304 550 3343 tissimis
570 3309 872 3355 temperasset,
890 3306 1004 3344 ultro
1024 3304 1234 3356 deposuit.
1324 3316 1403 3356 per
1422 3305 1564 3344 alvum
1583 3303 1767 3344 fluminis
1789 3301 1986 3341 trahitur.

433 3367 556 3410 tAn.
573 3368 636 3407 M.
657 3371 778 3408 3448.
819 3367 890 3408 01.
908 3371 976 3408 43.
994 3371 1033 3408 3.
1079 3367 1185 3407 Urb.
1209 3367 1256 3407 C.
1377 3373 1395 3392 v
1416 3357 1557 3407 Mensa
1586 3363 1800 3416 Delphica]
1846 3362 2074 3414 Tripodem
2095 3362 2201 3404 Del-

382 3431 458 3469 147
466 3458 475 3468 .
507 3428 612 3468 Ant.
635 3430 714 3469 Ch.
732 3433 830 3469 605.
1121 3436 1123 3441 ⁴
1324 3429 1460 3481 phicae
1477 3441 1633 3470 mensae
1652 3428 1764 3468 haud
1783 3427 2019 3467 absimilem
2044 3426 2201 3466 intelli-

433 3490 499 3531 ‘A
528 3492 804 3543 piscatoribus]
849 3491 887 3533 A
908 3492 1006 3534 Cois
1033 3491 1257 3545 piscatori·
1324 3492 1401 3543 git.
