2352 4022
402 318 511 371 312
909 334 1170 373 vALurzu
1217 333 1456 371 MAXIM!
1501 334 1718 374 1.113.11.

403 453 573 521 plum,
595 469 660 505 eo
685 456 860 520 magis
893 453 1048 504 illum
1089 451 1385 504 notandum
1430 454 1648 517 statuit,
1691 455 1842 522 quod
1882 458 2214 525 amplissimi

403 537 624 589 honoris
668 538 1008 605 majestatem
1053 542 1162 588 tam
1206 542 1347 589 tetro
1394 538 1632 590 facinore
1674 540 2075 607 inquinaverat,
2112 559 2216 595 nec

402 623 559 689 pensi
584 622 832 684 duxerat,
876 621 1073 671 iisdem
1099 621 1426 687 imaginibus
1453 622 1657 674 ascribi
1693 625 1992 676 meretricis
2019 626 2216 678 oculos

402 706 641 757 humano
672 706 935 771 sanguine
978 705 1306 769 delectatOS,
1353 713 1405 758 et
1456 708 1596 775 regis
1639 708 1891 776 Philippi.
1934 710 2218 778 supplices

402 791 673 843 manusstss

475 875 526 925 4.
566 871 715 936 Quid
743 873 811 924 de
839 872 1083 926 Fabricii
1109 873 1336 928 Luscini
1355 884 1391 914 ¹³
1428 894 1666 930 censura
1701 878 1941 947 loquar't
1977 878 2220 930 narravit

406 957 582 1009 omnis
603 960 760 1020 aetaS,
777 962 830 1010 et
851 957 1116 1026 deinceps
1141 962 1400 1024 narrabit,
1421 963 1492 1013 ab
1510 979 1577 1014 eo
1597 962 1911 1015 Cornelium
1929 959 2221 1015 Rufinum}

404 1041 622 1093 duobus
650 1042 1046 1105 consulatibus,
1087 1050 1143 1115 et
1184 1044 1461 1098 dictatura
1501 1046 1915 1114 speciosissime
1950 1047 2220 1109 functum,

404 1126 551 1194 quod
576 1126 765 1178 decem
786 1127 972 1194 pondo
994 1135 1038 1166 ¹4
1073 1146 1213 1182 vasa
1251 1136 1510 1196 argentea
1552 1136 1952 1199 comparasset,
1999 1130 2224 1200 perinde

404 1227 470 1263 ac
498 1212 644 1263 malo
674 1213 936 1280 exemplo
981 1214 1350 1279 luxuriosum,
1390 1216 1448 1266 in
1489 1217 1683 1269 ordine
1720 1218 1997 1269 senatorio
2040 1220 2222 1268 reten-

403 1301 522 1347 tum
569 1312 680 1347 non
730 1312 877 1349 esse.
954 1299 1106 1367 Ipsae
1149 1301 1367 1352 medius
1409 1300 1577 1353 fidius
1621 1301 1757 1353 mihi
1805 1302 1981 1353 literae
2026 1300 2221 1352 saeculi

402 1381 574 1433 nostri
601 1382 1000 1449 obstupescere
1026 1384 1297 1449 videntur,
1341 1402 1463 1437 cum
1507 1385 1577 1437 ad
1624 1390 1832 1439 tantam
1871 1385 2222 1439 severitatem

403 1465 747 1518 referendam
772 1468 1131 1522 ministerium
1158 1470 1577 1523 accommodare
1604 1475 1886 1538 coguntur,
1912 1487 1980 1523 ac
2014 1469 2216 1532 vereri,

401 1569 471 1605 ne
491 1568 597 1603 non
622 1555 827 1605 nostrae
852 1555 1004 1606 urbis
1027 1560 1154 1608 acta
1179 1572 1610 1608 commemorare
1631 1556 2032 1608 existimentur.
2093 1553 2213 1606 Vix

404 1637 550 1688 enim
592 1636 854 1688 credibile
905 1643 1008 1702 est,
1049 1640 1193 1692 intra
1229 1640 1375 1692 idem
1413 1637 1779 1708 pomoeriumk
1817 1641 2006 1692 decem
2033 1638 2222 1707 pondo

405 1721 630 1788 argenti,
657 1726 715 1772 et
762 1721 1102 1775 invidiosum
1151 1724 1325 1776 fuisse
1368 1740 1618 1787 censum,
1660 1731 1713 1777 et
1749 1724 1998 1792 inopiam
2036 1722 2223 1776 haberi

405 1805 939 1858 contemtissimam.⁶
954 1806 978 1830 ³¹*

459 1957 481 1985 ἆ
509 1959 597 1998 Nee
608 1957 847 2010 praeviderat
864 1958 1071 2009 indignum
1076 1958 1187 2011 fore,
1201 1960 1241 1999 si
1254 1960 1297 1999 in
1314 1959 1452 1999 iisdem
1460 1959 1636 2008 familiae
1653 1973 1735 2000 suae
1763 1958 2004 2010 imaginibus
2014 1957 2223 2009 pingeren-

405 2016 473 2052 tur
490 2012 623 2060 simul,
643 2016 683 2051 et
702 2012 802 2051 oculi
819 2012 926 2052 itlius
944 2013 1159 2053 meretricis
1177 2026 1263 2064 quoe
1279 2015 1469 2053 delectata
1478 2014 1618 2061 fuerat
1637 2019 1760 2054 morte
1783 2013 1910 2065 Gaui,
1923 2017 1962 2053 et
1981 2024 2118 2052 manus
2133 2024 2226 2065 sup-

400 2065 522 2117 plices
540 2065 720 2116 Philippi
741 2066 881 2116 Regis,
899 2068 966 2117 qui
985 2079 1009 2106 α
1032 2067 1121 2106 Tito
1137 2067 1244 2107 illius
1251 2066 1387 2114 fratre
1404 2067 1692 2115 victusfuerat.

459 2125 474 2145 e
505 2119 624 2158 Certe
643 2119 807 2159 historia
825 2126 969 2159 nostroe
986 2121 1120 2159 (etatis
1137 2121 1234 2160 mihi
1248 2121 1403 2160 videtur
1420 2125 1456 2160 et
1477 2121 1756 2172 obstupescere,
1772 2133 1860 2160 cum
1877 2119 2032 2169 cogitur
2049 2117 2229 2168 exemplu

406 2176 529 2211 tantoe
543 2173 767 2212 severitatis
783 2171 944 2223 referre,
962 2178 998 2212 et
1017 2174 1153 2214 timere
1171 2187 1218 2213 ne
1237 2173 1324 2225 quis
1335 2178 1448 2225 putet
1475 2174 1582 2214 illam
1600 2186 1762 2215 narrare
1777 2178 1892 2224 gesta
1910 2172 2072 2213 alterius
2086 2171 2227 2211 civica-

406 2225 473 2276 tis,
489 2239 565 2265 non
583 2230 729 2265 nostrae
740 2239 754 2265 .·
797 2227 867 2266 vix
897 2227 1001 2266 enim
1017 2229 1124 2267 credi
1144 2231 1286 2279 potest,
1318 2229 1419 2278 quod
1447 2228 1555 2267 intra
1586 2228 1728 2268 moenia
1763 2229 1931 2278 ejusdem
1955 2225 2063 2265 urbis
2092 2235 2229 2264 census

406 2281 534 2319 decem
549 2281 675 2330 pondo
691 2281 850 2330 argenti
867 2280 929 2320 his
946 2281 1183 2333 temporibus
1191 2280 1323 2330 fuerit
1341 2281 1492 2320 invidia
1510 2282 1653 2333 dignus
1663 2294 1680 2329 ;
1706 2285 1748 2322 et
1764 2285 1894 2321 nostra
1911 2283 2044 2330 (etate,
2069 2282 2114 2318 ut
2141 2277 2226 2317 ino-

402 2333 485 2385 pia,
502 2337 783 2373 contemnatur.

1152 2399 1402 2415 mmm
1406 2400 1455 2415 ‘O

406 2466 462 2506 In
480 2466 675 2506 omnibus
694 2465 786 2506 fere
807 2467 932 2509 codd.
961 2480 1038 2520 pro
1058 2468 1274 2508 Flaminini
1305 2468 1463 2519 legitur
1483 2466 1796 2507 Flaminii—12
1827 2464 2031 2506 Nonnulli
2048 2464 2227 2504 Tor-ren.
2299 2494 2302 2498 .

409 2519 490 2560 Sed
507 2525 545 2560 et
565 2531 698 2559 censor
719 2522 832 2560 Cato.
888 2522 1011 2569 Mox,
1036 2534 1106 2561 nec
1131 2521 1335 2572 indignum
1358 2524 1469 2572 pensi
1486 2520 1656 2560 Winck.
1685 2532 1791 2560 unus
1809 2519 1970 2559 Brand.
1997 2524 2085 2558 tres
2106 2516 2229 2558 Leid.

405 2585 514 2613 unus
535 2573 695 2625 Ultraj.
716 2575 868 2615 Rhem.
888 2578 925 2615 1.
942 2579 981 2615 2.
996 2579 1035 2616 3.
1063 2586 1208 2615 omnes
1227 2574 1390 2614 Medic.
1419 2574 1550 2614 Barb.
1574 2578 1612 2614 1.
1631 2578 1672 2613 2.
1702 2574 1828 2613 Harl.
1847 2574 1974 2612 Voss.
2001 2575 2044 2611 1.
2063 2574 2104 2611 2.
2122 2571 2229 2610 vat.

410 2630 450 2667 1.
469 2630 510 2667 2.
531 2628 639 2667 Exc.
658 2628 810 2679 steph.
829 2629 929 2668 Vet.
950 2629 1069 2680 Mog.
1103 2627 1230 2668 Aldd.
1265 2627 1448 2678 Herbip.
1481 2628 1625 2668 Chalc.
1657 2633 1702 2666 et
1729 2626 1881 2679 Steph.
1917 2625 2028 2665 unde
2059 2624 2230 2676 Lipsius

408 2680 523 2732 conj.
555 2693 624 2720 nec
655 2680 933 2733 (indignuml)
958 2683 1086 2733 pensi,
1118 2684 1185 2733 ⁸1⁶·
1222 2682 1356 2731 prob.'
1378 2681 1530 2721 Colero
1562 2686 1608 2720 et
1641 2681 1785 2732 Kapp.
1829 2692 1897 2719 uec
1928 2679 2092 2729 dignum
2120 2677 2233 2729 pensi

408 2734 549 2775 Bitur.
570 2738 608 2774 1.
623 2735 800 2775 Venett.
820 2741 864 2774 et
882 2735 1048 2776 Oliver.
1064 2748 1133 2775 nec
1152 2735 1359 2784 indignum
1371 2735 1513 2785 oequali
1528 2735 1694 2785 pondere
1711 2733 1822 2784 pensi
1837 2732 1954 2772 Leid.
1970 2736 2011 2772 2.
2029 2731 2232 2770 Perizon-

411 2787 525 2839 conj.
554 2787 765 2837 indignum
796 2792 865 2828 aut
888 2791 1016 2839 pensi,
1053 2790 1119 2827 vel
1157 2789 1360 2838 indignum
1391 2791 1562 2839 pensive.
1619 2787 1790 2827 Deinde
1823 2799 1900 2838 pro
1931 2784 2088 2834 ascribi,
2115 2782 2230 2836 quod

409 2841 569 2881 habent
584 2842 710 2881 multi
728 2843 902 2882 Torren.
922 2843 1078 2893 Ultraj.
1099 2846 1138 2881 2.
1160 2847 1205 2881 et
1224 2842 1340 2892 Mog.
1363 2842 1569 2880 exhibent
1583 2841 1943 2892 proscribere-13
1975 2838 2026 2878 In
2058 2837 2227 2890 quibus-

411 2894 508 2935 dam
527 2894 627 2935 edd.
646 2895 821 2946 Lacinia,
852 2902 899 2936 ut
919 2896 1032 2948 apud
1052 2896 1364 2937 Gellium—14
1394 2895 1502 2935 Dan.
1530 2907 1606 2946 pro
1630 2897 1757 2934 decem
1786 2894 1911 2945 pondo
1943 2891 2074 2932 habet
2095 2891 2153 2932 X.
2174 2889 2229 2930 Ρ.

413 3081 606 3122 cedoniae
626 3081 791 3133 Regem
815 3081 942 3120 vicit:
971 3080 1026 3120 de
1058 3080 1132 3120 illo
1167 3081 1288 3132 plura
1356 3080 1500 3132 reipsa
1517 3080 1723 3121 amisisse.

413 3150 582 3198 postea,
610 3145 717 3185 etin
736 3144 1008 3186 Quintiorum
1028 3150 1172 3196 gente.
1408 3142 1428 3169 Κ
1460 3143 1710 3195 Pomoerium]
1746 3141 1878 3185 Quasi
1912 3140 2231 3192 postmoenium,

470 3214 489 3256 ss
517 3207 603 3249 An.
625 3209 687 3248 M.
705 3211 828 3249 38⁷0.
874 3208 945 3248 01.
965 3210 1059 3248 149.
1081 3211 1120 3247 1.
1179 3207 1288 3248 Urb.
1355 3207 1538 3258 spatium
1559 3211 1652 3245 erat
1672 3206 1725 3245 ab
1744 3202 1949 3244 extremis
1968 3201 2084 3241 urbis
2100 3202 2233 3243 aedifi.

417 3272 466 3311 C.
488 3275 582 3311 569.
628 3270 731 3311 Ant.
752 3271 830 3311 Ch.
851 3273 943 3311 183.
1357 3270 1434 3310 ciis
1456 3270 1508 3309 ad
1528 3268 1685 3308 moenia
1705 3277 1838 3319 usque
1855 3264 2087 3317 pertinens,
2115 3266 2231 3318 quod

473 3334 486 3371 l
512 3337 735 3375 Cornelium
764 3333 971 3388 Rufinum]
999 3333 1147 3373 Virum
1179 3334 1290 3374 bello
1360 3345 1476 3372 more
1494 3333 1727 3371 Tuscorum
1747 3330 1997 3379 inaugurato
2012 3338 2234 3368 consecra-

418 3406 654 3449 strenuum‚
680 3399 736 3439 de
764 3411 848 3451 quo
879 3398 984 3438 illud
1004 3399 1130 3450 plane
1151 3398 1294 3450 singu-
1360 3402 1466 3446 tum,
1486 3407 1564 3434 nee
1583 3392 1784 3442 habitari,
1807 3402 1885 3430 nec
1904 3390 2015 3430 arari
2038 3389 2102 3431 fas
2120 3396 2232 3434 erat.

418 3465 503 3504 lare
524 3468 670 3502 narrat
688 3461 881 3511 Plinius3
902 3461 1021 3501 illum
1036 3460 1135 3501 dum
1151 3461 1293 3500 oculo·
1413 3458 1437 3481 ⁴¹*
1467 3457 1549 3497 An.
1569 3457 1632 3496 M.
1651 3457 1772 3495 3778.
1833 3453 1906 3494 01.
1927 3457 2020 3494 126.
2041 3458 2079 3496 1.
2125 3455 2233 3501 Urb.

420 3539 514 3568 rum
550 3538 671 3567 usum
709 3525 906 3565 amittere
956 3536 1003 3565 se
1044 3524 1292 3575 somniaret,
1359 3522 1525 3563 C.4⁷⁷.
1569 3518 1674 3560 Ant.
1693 3518 1770 3558 ch.
1788 3519 1883 3557 275.
