2346 3952
667 289 851 326 GENT!
869 287 976 327 BUS

1021 287 1096 324 ΕΤ
1139 285 1290 324 FAMI
1305 285 1443 323 Lus.

1900 272 1971 324 47

682 500 919 564 GENS
989 501 1425 563 DOMITIA.

193 654 263 696 UT
296 653 586 703 Claudiorum,
631 652 692 691 ita
726 648 1018 690 Domitiorum

139 730 244 771 gens
276 717 438 769 duplex
470 714 579 764 fuit;
607 713 683 754 sed
716 718 899 765 utraque
921 711 1018 751 Ple-

137 782 248 822 beia.
303 780 455 821 Altera
479 776 730 824 AEnobarbi,
757 776 891 816 altera
921 774 1019 814 Cal-

138 845 226 886 vini
255 855 493 896 cognomen
511 841 672 882 habuit.
729 839 797 879 De
815 838 1019 878 AEnobar-

140 909 290 949 borum
319 906 494 957 familia,
525 917 616 959 quae
650 904 788 944 multo
814 902 1020 942 illustrior

138 971 238 1022 fuit,
262 971 334 1011 bic
360 969 537 1021 agimus.

193 1047 227 1076 1·
254 1034 335 1074 Cn.
354 1031 572 1072 Domitius
593 1030 752 1071 Consul
778 1041 890 1069 anno
921 1031 1019 1069 561.

139 1104 267 1152 pater
300 1096 387 1138 fuit
431 1107 486 1137 11.
534 1095 641 1136 Cnei
676 1093 873 1135 Consulis
910 1104 1021 1133 anno

137 1166 233 1203 ⁶91.
260 1173 334 1202 ιιι.
363 1159 486 1212 cnjus
504 1157 618 1199 filius
639 1157 797 1199 Cneius
815 1157 1020 1199 Consula-

137 1230 187 1266 tu
219 1235 328 1265 anno
359 1226 455 1264 631.
510 1223 719 1274 Censura,
751 1219 1022 1261 Pontificatu

137 1289 340 1341 maximo,
365 1289 420 1329 de
453 1286 761 1339 Allobrogibus
795 1291 842 1327 et
862 1285 1020 1326 Arver-

137 1352 220 1404 nis,
248 1358 340 1392 tum
359 1351 556 1401 victoria,
585 1356 676 1392 tum
703 1351 917 1403 triumpho
937 1351 1021 1391 cla-

139 1427 212 1456 rus
230 1415 404 1466 extitit;
430 1427 499 1455 Π.
526 1414 637 1455 filios
656 1415 809 1455 babuit
839 1413 1020 1454 Cneium

138 1485 186 1520 et
204 1478 408 1519 Lucium:
435 1479 507 1518 ille
538 1478 697 1518 Consul
729 1489 841 1517 anno
872 1480 968 1517 657.
996 1489 1022 1517 a

138 1545 188 1584 L.
206 1543 358 1583 Crasso
376 1542 514 1595 ipsius
544 1542 589 1581 in
618 1542 815 1582 Censura
842 1540 1022 1592 Collega

138 1606 339 1648 dissensit
375 1606 555 1659 saepius:
591 1604 661 1646 hic
694 1605 827 1646 etiam
860 1604 1019 1644 Consul

1089 660 1201 688 anno
1219 652 1312 688 559.
1342 652 1524 700 uterque
1543 645 1587 686 in
1607 643 1723 685 bello
1745 643 1860 684 civili
1881 645 1975 696 Syl·

1088 712 1140 752 1ae
1161 719 1206 751 et
1222 712 1351 752 Marii
1374 722 1506 751 cresus
1527 714 1610 750 est.
1644 720 1691 748 V.
1738 708 1874 748 Cneio
1889 709 1974 749 duo

1089 781 1213 815 erant
1251 774 1346 825 filii,
1372 774 1531 815 Cneius
1563 772 1712 814 Cinnae
1747 784 1894 823 gener,
1927 772 1973 812 in

1088 839 1195 880 flore
1233 839 1380 879 aetatis
1426 851 1451 878 a
1484 838 1698 888 Pompeio
1734 836 1779 875 in
1816 834 1973 876 Africa

1089 904 1275 952 occisus,
1303 908 1349 942 et
1373 902 1544 951 Lucius,
1574 901 1645 953 qui
1667 900 1828 940 Consul
1862 911 1974 939 anno

1088 970 1184 1007 699.
1213 967 1255 1005 in
1277 966 1370 1005 acie
1390 964 1642 1004 Phar-salica
1659 962 1835 1010 fortiter
1852 962 1977 1002 dimi-

1089 1043 1192 1071 cans
1213 1029 1390 1070 cecidit.
1416 1041 1483 1068 vl.
1513 1030 1580 1068 Ex
1601 1028 1758 1068 Porcia
1777 1038 1976 1079 suscepe-

1090 1099 1158 1134 rat
1176 1094 1355 1134 Cneium
1375 1093 1627 1144 Domitium,
1645 1092 1717 1145 qui
1737 1092 1790 1132 ob
1809 1091 1975 1132 caedem

1091 1158 1140 1198 C.
1160 1156 1343 1198 Caesaris
1362 1156 1545 1208 primum
1565 1154 1804 1206 damnatus,
1834 1160 1881 1196 et
1900 1155 1976 1195 ali-

1089 1225 1252 1274 quanto
1273 1225 1372 1272 post
1390 1219 1615 1259 restitutus
1629 1219 1788 1259 Consul
1805 1224 1976 1259 creatus

1090 1287 1158 1323 est
1175 1295 1287 1323 anno
1306 1286 1402 1324 721.
1431 1294 1514 1323 vu.
1545 1282 1739 1323 Hostilia
1758 1283 1822 1323 illi
1842 1296 1973 1336 pepe.-

1088 1347 1148 1386 rit
1173 1347 1354 1387 Lucium
1375 1347 1602 1387 Consulem
1633 1358 1745 1386 anno
1779 1350 1874 1388 737.
1903 1348 1975 1399 qui

1089 1422 1144 1450 ex
1164 1410 1352 1450 Antonia
1369 1410 1532 1450 minore
1549 1410 1701 1462 genuit
1719 1422 1823 1451 vm.
1854 1412 1978 1452 Cnei-

1089 1487 1160 1514 um
1181 1474 1411 1515 Consulem
1429 1486 1542 1513 anno
1557 1477 1652 1515 784.
1683 1485 1750 1517 xx,
1790 1475 1976 1516 Neronis

1083 1538 1369 1593 *Imperatoris
1391 1543 1573 1590 patrem.

751 1786 991 1849 GENS
1061 1784 1362 1846 FABIA.

194 1934 352 1976 Fun!
387 1935 530 1987 gentis
563 1935 635 1975 alii
667 1934 875 1987 originem
908 1934 1019 1976 refe-

136 2003 240 2037 runt
266 1997 322 2038 ad
353 1999 605 2049 Herculem,
632 1999 703 2052 qui
733 2011 788 2038 ex
829 2000 1019 2039 Evandri

134 2058 223 2099 filia
239 2060 417 2101 Fabium
446 2062 670 2114 genuerit:
700 2062 773 2101 alii
791 2075 945 2102 nomen
965 2062 1018 2103 ab

138 2133 336 2174 agrorum
383 2123 571 2164 fossione
620 2124 856 2176 deducunt,
898 2127 1019 2178 quasi

139 2186 322 2236 primum
357 2187 498 2237 rodii,
540 2187 698 2227 deinde
745 2188 868 2228 Fabii
911 2189 1019 2229 dicti

138 2248 241 2289 sint.
293 2249 523 2290 Fabiorum
541 2251 727 2291 omnium
755 2252 825 2292 hic
844 2254 1020 2292 nomina

137 2312 322 2365 prodere
341 2325 408 2353 res
428 2321 543 2354 esset
562 2321 608 2355 et
624 2328 805 2367 operosa
830 2322 876 2356 et
895 2318 1018 2357 multi

135 2374 298 2417 fastidii
318 2390 331 2427 ;
354 2378 459 2418 satis
485 2379 570 2419 erit
590 2379 684 2420 illos
705 2379 917 2432 proferre,
945 2381 1017 2434 qui

137 2439 414 2482 adolescente
424 2443 520 2495 jam
539 2444 794 2496 Republica,
823 2444 1017 2484 victoriis

138 2503 227 2544 suis
264 2505 500 2546 Romanam
540 2519 630 2547 rem
666 2508 848 2548 multum
886 2520 1016 2548 auxe-

137 2572 262 2608 runt:
291 2568 376 2608 duo
396 2575 537 2609 tamen
563 2575 606 2610 te
633 2571 843 2611 monitum
864 2571 1014 2622 velim3

138 2642 267 2671 unum
301 2637 386 2681 est,
412 2639 500 2672 tres
534 2633 690 2674 Fabios
723 2635 788 2674 Μ.
815 2634 1018 2674 Vibulani

137 2692 261 2745 filios,
273 2694 498 2747 Quintum,
510 2697 750 2748 Caesonem,
763 2703 807 2737 et
821 2698 1017 2738 Marcum

135 2762 303 2809 septem
335 2758 456 2798 annis
482 2760 694 2800 continuis
727 2772 878 2800 munus
907 2761 1017 2801 Con-

135 2821 276 2861 sulare
294 2821 542 2874 obtinuisse,
564 2835 617 2862 ex
637 2824 773 2876 iisque
794 2824 1016 2864 Caesonem

138 2896 234 2925 cum
273 2887 369 2926 315.
412 2886 556 2926 Fabiis
593 2887 646 2926 ad
697 2887 945 2927 Cremeram
991 2901 1017 2928 a

136 2946 392 2987 Veientibus
432 2960 589 2988 caesum
626 2948 783 2989 fuisse:
834 2950 1015 2990 alterum

138 3015 220 3061 est,
248 3010 400 3051 Fabios
420 3023 579 3063 omnes,
608 3013 680 3065 qui
699 3017 851 3064 postea
870 3014 1014 3053 multis

136 3072 357 3126 perfuncti
387 3080 486 3115 sunt
516 3075 762 3127 honoribus,
790 3088 815 3114 a
851 3076 1014 3118 Quinto

137 3135 280 3177 Marci
315 3136 418 3188 filio,
461 3139 532 3191 qui
569 3151 676 3179 unus
722 3139 863 3191 gentis
903 3141 1016 3180 cladi

137 3206 355 3252 superstes
373 3199 471 3253 fuit,
501 3208 547 3242 ut
566 3202 707 3242 multis
734 3203 890 3254 placet,
920 3216 1016 3255 pro-

137 3268 318 3315 pagatos
339 3275 448 3305 esse.

190 3336 223 3366 1.
245 3326 423 3366 Marcus
437 3327 593 3367 Fabius
612 3326 846 3367 Ambustus
862 3328 1016 3371 Quinti

137 3384 249 3427 filius
266 3388 434 3439 gemino
450 3390 686 3430 Tribunatu
701 3391 892 3440 militari,
909 3392 1019 3432 Con-

139 3451 279 3491 sulatu
313 3453 474 3504 triplici
513 3467 624 3494 anno
657 3459 754 3497 393.
787 3459 880 3496 397.
919 3459 1014 3496 399.

139 3515 336 3556 ovatione
365 3515 420 3557 de
445 3517 664 3571 Hernicis,
692 3519 747 3560 de
764 3520 1015 3560 Tiburtibus

1086 1933 1326 1985 triumpho,
1351 1932 1611 1985 Magisterio
1632 1930 1854 1986 Equitum,
1872 1929 1975 1970 Dic·

1088 2002 1248 2048 tatura,
1277 2001 1325 2036 et
1352 1996 1536 2036 Senatus
1569 1996 1815 2048 principatu
1845 1993 1976 2044 insig-

1086 2062 1167 2111 nis,
1181 2067 1268 2101 tres
1289 2073 1444 2112 mareS,
1463 2061 1684 2107 Quintum,
1701 2061 1975 2108 Marcum‚et

1087 2125 1311 2164 Caesonem
1332 2125 1522 2170 sustulit,
1544 2123 1738 2176 duasque
1757 2120 1976 2171 foeminas,

1089 2200 1265 2240 quarum
1298 2189 1436 2228 altera
1463 2188 1647 2240 Sulpitio
1679 2187 1890 2237 Patricio,
1918 2186 1976 2225 al·

1088 2257 1183 2291 tera
1230 2251 1397 2291 Licinio
1451 2251 1618 2291 Stoloni
1658 2250 1839 2290 Plebeio
1877 2261 1974 2288 cum

1086 2314 1316 2365 nupsisset,
1337 2314 1432 2354 haec
1451 2314 1605 2354 marito
1622 2313 1814 2354 Tribuno
1835 2311 1976 2365 plebis

1087 2377 1314 2428 persuasit,
1341 2383 1390 2417 ut
1422 2378 1562 2429 legem
1599 2376 1737 2417 ferret
1774 2376 1830 2416 de
1864 2376 1975 2416 Con-

1086 2440 1217 2479 sulari
1237 2440 1452 2492 dignitate
1471 2440 1587 2492 plebi
1601 2438 1974 2480 communicanda.

1085 2504 1148 2543 Ut
1163 2515 1188 2543 a
1204 2504 1369 2546 Quinto
1381 2505 1690 2556 Maximorum,
1706 2506 1766 2545 ita
1780 2517 1806 2544 a
1819 2505 1972 2543 Marco

1087 2567 1312 2607 Pictorum
1330 2566 1494 2608 familia
1513 2567 1732 2620 profluxit,
1762 2580 1786 2608 e
1817 2567 1972 2620 quibus

1086 2636 1176 2671 tres
1196 2631 1403 2672 Consules
1423 2638 1734 2682 memorantur,
1754 2632 1882 2672 Caius
1903 2644 1975 2671 an-

1086 2707 1142 2735 no
1178 2699 1274 2736 448.
1318 2697 1393 2748 qui
1432 2696 1585 2736 AEdem
1622 2697 1780 2736 Salutis
1817 2696 1976 2748 pinxit,

1086 2759 1264 2811 ejusque
1283 2759 1368 2799 duo
1387 2758 1482 2811 filii,
1509 2759 1636 2799 Caius
1657 2771 1768 2798 anno
1798 2762 1896 2799 484.
1928 2765 1975 2798 et

1085 2823 1319 2863 Numerius
1340 2835 1452 2863 anno
1480 2827 1575 2863 487.
1604 2824 1678 2863 sed
1713 2823 1972 2863 Consulibus

1084 2885 1294 2926 illustrior
1325 2888 1381 2929 Q.
1410 2887 1484 2927 ille
1504 2887 1662 2927 Fabius
1683 2888 1867 2938 Praetor,
1900 2888 1973 2939 qui

1084 2956 1183 3002 post
1203 2949 1369 2990 cladem
1392 2950 1662 2990 Cannensem
1686 2951 1877 3002 Delphos
1912 2951 1972 2988 le-

1085 3018 1207 3066 gatus
1241 3013 1395 3053 missus
1429 3018 1512 3064 est,
1539 3018 1585 3054 et
1618 3013 1795 3064 scripsit
1814 3013 1969 3052 Roma-

1081 3090 1179 3117 nam
1210 3078 1467 3127 Historiam,
1496 3091 1591 3131 quae
1626 3079 1722 3118 cum
1752 3089 1777 3116 a
1810 3077 1971 3127 multis,

1083 3148 1172 3182 tum
1196 3153 1222 3180 a
1240 3141 1361 3181 Livio
1382 3141 1615 3192 saepissime
1634 3139 1848 3179 laudatur.

1135 3217 1186 3245 11.
1218 3205 1272 3247 Q.
1304 3204 1464 3244 Fabius
1499 3205 1737 3252 Rullianus,
1759 3201 1971 3242 Ambusto

1082 3273 1206 3319 patre
1236 3267 1361 3308 rebus
1397 3267 1526 3318 gestis
1556 3267 1728 3315 clarior,
1756 3266 1970 3317 Magister

1084 3331 1289 3383 Equitum
1311 3343 1335 3370 a
1355 3330 1532 3380 Papirio
1553 3329 1782 3367 Dictatore
1802 3327 1856 3367 ob
1878 3328 1969 3368 vic·

1085 3393 1239 3432 toriam
1278 3392 1332 3432 de
1371 3391 1634 3431 Samnitibus
1676 3391 1816 3430 securi
1853 3403 1966 3443 pene

1085 3467 1331 3507 percussus,
1359 3453 1584 3506 quinquies
1605 3453 1761 3493 Consul
1782 3452 1879 3505 fuit,
1897 3466 1970 3494 an-

1083 3532 1138 3559 no
1159 3524 1253 3560 431.
1272 3522 1367 3557 443.
1400 3520 1492 3558 445.
1525 3519 1620 3558 456.
1639 3520 1733 3558 458.
1766 3523 1832 3558 ter
1860 3518 1966 3557 Dic·
