2352 4022
329 326 436 378 154
848 337 1109 376 vAnERn
1154 337 1393 374 MAXlMl
1441 338 1554 377 mn.
1586 341 1625 377 1.

330 464 508 513 statue
533 460 762 527 signum,
784 459 874 511 hic
901 459 1110 526 optime
1134 458 1508 511 manebimus.’
1583 458 1667 511 Ea
1691 461 1830 512 enim
1872 478 2011 514 voce
2043 478 2142 515 au—

329 545 464 608 dita,
489 550 714 596 senatus
753 548 767 570 ‘
788 560 847 595 se
875 543 1129 610 accipere
1154 542 1345 595 omen'
1388 544 1694 612 respondit,
1721 561 1751 596 e
1796 547 2141 615 vestigioque
2174 570 2176 574 ’

328 628 509 682 Veios
542 628 857 681 transeundi
897 628 1191 680 consilium
1230 629 1436 681 omisit.
1510 627 1693 693 Quam
1734 631 1934 697 paucis
1958 631 2143 684 verbis

330 713 400 766 de
424 714 700 766 domicilio
718 712 883 765 futuri
901 712 1102 764 summi
1123 713 1342 782 imperii
1357 713 1684 766 confirmata
1708 720 1793 767 est
1811 715 2061 767 conditio
2080 715 2147 767 2⁶4

329 797 509 850 Credo
533 798 809 864 indignum
838 797 967 850 Diis
987 799 1456 862 existimantibuS,
1494 799 1881 867 prosperrimis
1899 806 1915 832 ⁵
1955 799 2147 866 auspi-

326 881 460 935 ciisj
487 882 798 934 Romanum
825 899 1032 935 nomen
1056 890 1258 949 ortum,
1288 884 1614 937 Veientanae
1654 885 1804 936 urbis
1848 883 2147 952 appellati-

327 983 430 1018 one
478 967 676 1018 mutari
699 983 710 1019 :
759 969 1093 1037 inclytaeque
1142 970 1393 1023 victoriae
1411 968 1430 998 k
1469 968 1640 1022 decus
1690 969 1856 1021 modo
1908 968 2142 1036 abjectae

326 1051 478 1103 urbis
501 1051 672 1102 ruinis
697 1051 951 1106 infundis

396 1135 448 1186 2.
490 1133 679 1203 Hujus
695 1141 809 1187 tam
835 1138 1091 1204 praeclari
1115 1138 1299 1206 operis
1314 1144 1509 1191 auctor
1524 1137 1830 1203 Camillus)
1856 1154 1980 1191 cum
2001 1141 2148 1190 esset

324 1224 640 1287 precatUS,¹¹¹
665 1225 726 1270 ut
749 1220 797 1272 si
814 1219 835 1251 ⁶
875 1223 969 1273 cui
996 1222 1240 1274 Deorum
1266 1222 1441 1275 nimia
1478 1222 1717 1275 felicitas
1756 1223 1955 1292 populi
1979 1222 2148 1274 Rom.

325 1303 618 1366 videretur,
644 1304 770 1372 ejus
810 1305 1022 1358 invidia
1060 1323 1164 1358 suo
1210 1305 1402 1374 aliquo
1443 1307 1799 1360 incommodo
1833 1307 2147 1370 satiaretur,

324 1389 508 1441 subito
533 1389 698 1458 lapsu
723 1390 1039 1444 decidit:⁷‡
1080 1391 1232 1460 quod
1269 1400 1427 1443 omen
1470 1392 1545 1444 ad
1584 1393 2013 1455 damnationem,
2039 1403 2151 1460 qua

323 1463 520 1539 postea
545 1490 842 1541 oppressus
867 1480 971 1538 est,
998 1475 1328 1544 pertinuisse
1357 1476 1537 1528 visum
1564 1481 1666 1529 est.
1741 1476 1948 1529 Merito
1968 1480 2149 1528 autem

325 1557 393 1608 de
417 1557 582 1609 laude
606 1558 746 1610 inter
770 1575 852 1623 se,
879 1560 1133 1624 victoria,
1169 1565 1227 1611 et
1249 1561 1347 1628 pia
1385 1562 1631 1629 precatio
1672 1560 2005 1629 amplissimi
2046 1559 2150 1613 viri

378 1729 395 1756 ὃ
428 1732 554 1777 Quom
571 1735 705 1784 paucis
722 1734 850 1775 verbis
866 1736 1096 1789 confirmata
1115 1741 1173 1777 est
1188 1737 1382 1778 sententia
1400 1739 1447 1778 de
1465 1739 1545 1778 loco
1576 1738 1700 1790 urbis,
1727 1749 1813 1789 quoe
1845 1736 2028 1777 habitura
2053 1739 2155 1776 esset

323 1796 513 1826 summum
530 1787 734 1838 imperium
747 1787 766 1827 Ι

378 1844 395 1864 ⁶
421 1840 477 1878 Et
503 1842 672 1890 gloriam
698 1844 883 1883 maximae
911 1844 1086 1884 victorioe
1115 1844 1389 1885 communicari
1416 1845 1574 1886 civitati
1604 1857 1760 1893 evermo,
1788 1857 1874 1898 quoe
1915 1843 2030 1897 paulo
2061 1845 2153 1883 ante

324 1892 470 1933 nullius
486 1895 653 1934 nominis
660 1895 813 1944 fuerat.

1092 1990 1388 2006 eeeeeeeeeee

325 2067 582 2119 positionem
603 2083 623 2110 e
634 2085 651 2119 ,·
680 2075 728 2111 nt
748 2071 860 2121 apud
882 2072 1002 2112 Curt.
1021 2084 1086 2113 ιν.
1106 2076 1146 2113 3.
1162 2076 1283 2113 7.-4
1311 2073 1421 2113 Sunt
1439 2073 1512 2126 qui
1538 2073 1713 2123 habent,
1737 2071 2031 2112 condicam—5
2057 2069 2155 2112 ‘Sic

325 2134 404 2173 pro
420 2123 595 2173 vulgato
607 2126 806 2176 prosperis
824 2126 940 2176 lego,
967 2127 1228 2166 auctoritate
1245 2127 1467 2179 utriusque
1485 2127 1582 2167 cod.
1602 2126 1767 2166 Brand.
1787 2125 2031 2166 octodecim
2049 2125 2156 2164 Tor-

326 2176 596 2217 renianorum
613 2186 656 2218 et
676 2179 877 2218 librorum
892 2179 1229 2231 Wassianorum,
1261 2181 1416 2232 quibus
1435 2180 1649 2220 accedunt
1668 2179 1736 2220 ed.
1765 2179 1952 2229 Herbip.
1984 2184 2031 2218 et
2050 2179 2151 2220 Vct.

327 2229 416 2269 sine
456 2231 583 2272 dubio
614 2243 667 2271 ex
696 2233 792 2274 cod.
826 2233 913 2272 Ms.
944 2233 1088 2284 edita;
1118 2235 1309 2286 itemque
1344 2233 1578 2284 Lipsiensis
1608 2233 1840 2273 Thanneri.
1896 2231 2154 2274 Credibilius

327 2283 454 2323 etiam
473 2290 555 2336 est,
583 2287 857 2337 prosperrimis
877 2292 1085 2327 mutatum
1118 2300 1211 2328 esse
1248 2301 1272 2327 a
1299 2287 1485 2327 librariis
1515 2288 1558 2327 in
1586 2288 1800 2339 prosperis,
1833 2297 1957 2339 quam
1989 2292 2156 2327 contra.

326 2337 601 2389 Prosper-rima
618 2341 793 2391 auspicia
811 2347 910 2379 sunt
932 2341 1005 2380 illa
1031 2341 1258 2382 duodecim
1291 2342 1522 2392 vultur-nm,
1552 2353 1648 2393 quae
1675 2341 1860 2380 Romulo
1884 2351 1931 2379 se
1961 2340 2158 2379 ostende-

329 2391 455 2431 runt?
482 2393 617 2443 Kapp.
673 2393 822 2433 Codex
849 2395 1000 2445 Camp.
1035 2396 1163 2435 Credo
1188 2395 1398 2444 indignum
1430 2395 1529 2435 Diis
1555 2395 1697 2444 visum,
1724 2392 2042 2433 existimantibus
2074 2393 2156 2432 Ro-

327 2445 454 2483 manis
468 2458 602 2485 nomen
618 2448 814 2498 prosperis
831 2447 1015 2499 auspiciis
1033 2453 1177 2498 ortum,
1203 2451 1271 2500 ᾃτ.
1300 2453 1388 2488 tres
1409 2448 1482 2487 alii
1498 2448 1676 2487 'rm-ren.
1695 2448 1899 2497 iudignum
1916 2446 2013 2486 Diis
2029 2446 2161 2486 visum

327 2510 363 2536 e.
389 2499 661 2549 prosperrimis
678 2512 715 2539 α.
736 2501 875 2540 R.-6
901 2501 954 2541 In
987 2501 1082 2542 cod.
1114 2502 1310 2541 Perizon.
1344 2506 1539 2551 precatus,
1569 2502 1620 2552 si,
1645 2503 1711 2551 ἔμ’.
1742 2513 1887 2541 omnes
1906 2499 2158 2540 Torreniani

327 2549 374 2589 τὸ
391 2555 434 2590 ut
453 2558 709 2602 agnoscunt.
767 2553 871 2593 Mox
904 2555 1031 2606 pauci
1065 2555 1190 2595 codd.
1224 2568 1322 2595 cum
1336 2556 1436 2595 Vet.
1468 2555 1589 2607 Mog.
1616 2560 1662 2594 et
1676 2554 1857 2594 Venett.
1879 2557 1917 2595 1.
1936 2557 1976 2594 2.
2007 2552 2157 2604 Populo

328 2604 539 2654 Romamn
564 2618 644 2658 pro
665 2619 749 2660 quo
774 2607 926 2649 Heius.
945 2612 986 2648 2.
1006 2608 1151 2660 habet,
1175 2610 1412 2661 patrica—⁷
1443 2607 1568 2650 Leid.
1587 2611 1627 2648 2.
1657 2608 1786 2648 subito
1809 2609 1920 2660 lapsa
1946 2605 2157 2647 ceddre.—

1157 2730 1193 2770 N
1204 2729 1331 2771 OTAE

331 2838 420 2874 tum
440 2834 628 2876 obtinuit
647 2835 821 2889 Aquila,
846 2843 910 2889 ut,
935 2838 1028 2878 aliis
1055 2838 1097 2878 in
1117 2851 1208 2879 cas·
1331 2838 1343 2865 ¹
1362 2838 1571 2890 Camillus]
1587 2837 1819 2879 M.Furius
1833 2835 2056 2887 Csmilkos,
2073 2835 2158 2875 Fu·

329 2897 409 2937 tris
429 2898 607 2950 relic-tm,
635 2899 680 2938 in
706 2901 800 2940 acie
829 2903 921 2941 sola
945 2902 1119 2942 ordines
1138 2915 1209 2943 an·
1277 2902 1387 2942 risui
1405 2903 1586 2942 nominis
1606 2902 1756 2951 decus,
1773 2905 1819 2941 et
1837 2899 1998 2952 primus
2026 2912 2052 2939 a
2070 2899 2156 2940 Ro-

331 2961 491 3002 teiret:
520 2974 647 3014 quiam
674 2963 855 3016 denique
879 2965 930 3006 C.
949 2966 1118 3005 Marius
1147 2978 1210 3006 se·
1277 2966 1392 3006 mulo
1412 2967 1548 3006 Pater
1568 2965 1719 3018 patriae
1739 2968 2030 3014 nuncupatus.

332 3025 518 3065 cundum
539 3027 969 3079 Consulrrcpudiatis
990 3029 1098 3081 aliis,
1116 3035 1208 3070 tan·
1330 3032 1360 3054 ¹¹²
1392 3030 1490 3069 Cum
1521 3032 1624 3070 esset
1648 3027 1848 3081 precatus]
1877 3028 1997 3067 Dan
2024 3025 2162 3067 Veios

332 3101 459 3142 quiam
491 3088 600 3130 felix
644 3091 918 3131 victoriarum
957 3105 1084 3133 omen
1121 3093 1210 3133 Ro-
1278 3093 1516 3145 diriperent
1547 3093 1717 3144 milites,
1746 3091 1980 3144 praedaqoe
2008 3101 2165 3142 spe-ae

331 3154 467 3193 manis
485 3153 723 3205 legionibus
742 3155 1023 3197 consecravit.
1278 3156 1482 3207 opinione
1499 3158 1633 3208 major
1652 3162 1755 3196 ante
1774 3155 1921 3196 oculos
1954 3154 2048 3206 ejus
2075 3152 2162 3192 fen-

386 3217 401 3253 -l
427 3219 717 3270 Prosper-rimis
730 3219 942 3271 auspiciis}
972 3220 1143 3260 Romuli
1164 3227 1209 3260 et
1278 3227 1411 3273 retur,
1437 3220 1598 3261 dicitur
1627 3230 1775 3259 mnis
1808 3218 1866 3258 ad
1892 3217 2047 3256 eoelum
2076 3216 2158 3256 tel-

332 3280 477 3332 Remi,
495 3293 673 3334 quorum
693 3283 806 3323 alter
819 3294 910 3335 sex,
925 3283 1034 3323 alter
1051 3282 1213 3324 duode-
1277 3285 1387 3335 lens,
1411 3285 1504 3324 haec
1523 3284 1698 3324 dixisse.
1755 3282 1828 3321 De
1858 3279 1974 3320 illius
1989 3279 2164 3320 damna-

335 3345 414 3385 cim
435 3346 630 3386 vultures
656 3346 838 3387 viderat.
1280 3347 1397 3387 tione
1415 3348 1538 3387 alias.

388 3408 410 3436 Κ
436 3410 604 3462 Inclytoe
638 3410 833 3462 victorie]
879 3409 1110 3450 Victoriam
1157 3410 1214 3449 de
1335 3414 1354 3457 ‡
1384 3409 1468 3450 An.
1487 3409 1552 3449 M.
1570 3411 1692 3448 3659.
1754 3405 1827 3448 01.
1852 3409 1920 3447 96.
1947 3409 1988 3447 2.
2049 3405 2161 3447 Urb.

334 3472 606 3524 Veientibus,
633 3474 701 3514 vel
720 3473 860 3526 potius
880 3472 934 3513 de
953 3472 1092 3514 Gallis
1108 3473 1215 3513 rela-
1282 3473 1331 3515 C.
1350 3476 1446 3513 858.
1492 3470 1596 3513 Aut.
1614 3471 1692 3512 Ch.
1709 3473 1803 3511 394.

336 3544 423 3577 tom
441 3535 648 3588 intellige.
