2294 3990
378 277 449 330 88

377 412 505 465 pulo:
537 411 591 451 ab
623 409 820 462 Augusto
856 408 1028 449 taudem
1073 406 1251 447 ceteris-

375 487 459 529 que
474 473 823 525 Imperatoribus,
839 472 942 511 licet
957 469 1039 521 ipsi
1052 469 1252 520 Augures

376 550 462 578 non
482 543 642 588 essent,
669 540 934 587 usurpatum.
978 545 1041 572 1v.
1073 533 1141 572 Ad
1163 531 1251 573 Au-

376 614 502 653 gures
538 600 746 653 pertinuit
783 611 837 638 ex
874 601 1002 637 cantu
1049 597 1251 637 volatuve

375 666 530 716 avium,
559 669 633 704 aut
652 677 705 703 ex
726 663 933 714 pullorum
963 661 1165 712 tripudiis
1184 659 1249 700 fu-

377 735 475 769 tura
510 727 764 780 praesagire:
804 725 857 764 de
892 724 1115 776 prodigiis,
1142 737 1251 764 som-

372 791 472 841 niis,
525 788 752 841 portentis,
805 786 988 826 oraculis
1044 798 1251 838 responsa

374 842 499 905 dare,
516 852 701 905 quidque
722 863 799 902 per
817 861 869 889 ea
884 850 1152 902 Reipublicae
1172 855 1250 891 aut

373 916 474 958 boni
500 920 573 956 aut
591 914 691 955 mali
723 913 1067 966 portenderetur,
1096 914 1247 954 vatici·

1028 292 1107 332 DE
1147 291 1547 330 ROMANORUM

1319 408 1439 447 nari:
1469 407 1740 460 auguriorum
1771 409 1882 450 enim
1912 410 2099 464 quinque
2119 422 2194 463 pe*
2269 443 2271 446 ι

1320 471 1527 511 tissimum
1555 483 1713 523 genera
1731 479 2038 523 recensentur;
2067 485 2196 514 unum

1319 546 1344 574 e
1363 535 1488 586 coelo,
1515 535 1698 574 alterum
1735 548 1790 576 ex
1826 537 1990 588 avibus,
2018 537 2195 578 tertium

1318 609 1372 637 ex
1387 598 1527 649 pullis,
1546 604 1745 650 quartum
1763 611 1818 638 ex
1832 599 2196 652 quadrupedibus,

1317 662 1512 714 quintum
1531 675 1585 702 ex
1603 662 1707 701 diris
1729 663 1820 712 peti
1838 663 2020 704 solebat.
2069 664 2203 714 Qum,⁴

1317 737 1372 765 ne
1391 725 1557 776 longior
1582 726 1676 776 sim,
1702 738 1798 766 cum
1825 725 1880 767 de
1911 727 1975 766 his
2005 727 2198 767 nonnihil

1317 787 1498 828 dixerim
1530 788 1573 827 in
1605 789 1736 841 notis,
1765 789 1958 831 breviter
1986 789 2195 831 iudicasse

1318 851 1422 892 satis
1441 852 1538 892 erit.

1075 1066 1504 1122 FLAMINES.

428 1205 460 1234 1.
482 1194 791 1242 memnus,
808 1193 874 1232 vel
895 1192 1031 1245 pileus
1050 1205 1134 1246 quo
1155 1198 1248 1234 ute-

372 1258 541 1309 bantur,
560 1263 606 1296 ut
622 1256 716 1296 vult
735 1256 1011 1307 Plutarchus,
1028 1258 1095 1296 vel
1114 1255 1249 1308 filum,

372 1334 455 1375 quo
491 1327 622 1374 caput
654 1320 843 1360 redimiti
868 1326 1008 1373 erant,
1034 1325 1082 1360 ut
1100 1327 1250 1361 auctor

370 1386 599 1435 estVarro‚
621 1396 775 1424 nomen
793 1383 925 1423 fecit:
947 1385 1043 1424 illos
1061 1396 1147 1424 non
1165 1385 1249 1424 Ro·

370 1449 524 1499 mulus,
551 1447 663 1501 quod
683 1448 855 1500 scripsit
873 1448 1144 1500 Plutarchus,
1172 1448 1250 1488 sed

371 1514 530 1563 Numa,
554 1512 739 1552 testibus
772 1512 985 1564 Dionysio
1024 1506 1074 1553 'et
1113 1513 1248 1565 Livio,

370 1577 581 1617 instituit:
605 1589 700 1617 cum
719 1577 832 1616 enim
847 1577 1019 1616 videret
1037 1577 1177 1628 Reges
1196 1576 1251 1616 ab

371 1642 479 1682 urbe
499 1641 603 1682 belli
635 1641 812 1694 gerendi
846 1653 976 1681 causa
1004 1641 1159 1693 saepius
1177 1641 1251 1681 ab·

370 1705 564 1755 futuros;
594 1717 647 1745 ue
668 1717 791 1745 sacra
809 1706 941 1757 regiae
959 1704 1069 1745 vicis
1086 1705 1254 1745 desere-

371 1775 535 1820 rentur,
567 1769 802 1808 Flaminem
820 1769 921 1809 Jovi
947 1769 1159 1808 assiduum
1177 1769 1252 1809 Sa-

372 1833 590 1874 cerdotem
610 1833 802 1873 creavit:
831 1832 930 1872 huic
950 1832 1055 1872 duos
1077 1832 1254 1884 adjecit,

372 1897 509 1937 Marti
548 1909 690 1948 unum,
721 1897 902 1938 alterum
939 1897 1149 1946 Quir11103
1179 1897 1252 1937 de-

371 1961 472 2002 inde
491 1962 718 2001 duodecim
736 1962 778 2001 in
805 1961 1033 2000 multorum
1064 1962 1253 2001 Deorum

369 2026 592 2075 honorem,
620 2026 692 2064 alii
717 2025 812 2064 aliis
833 2024 1097 2076 temporibus
1118 2024 1253 2064 additi

373 2095 486 2140 sunt,
514 2088 702 2141 ejusdem
740 2088 914 2141 quidem
950 2089 1147 2139 nominis,
1174 2087 1252 2129 sed

371 2166 457 2193 non
495 2152 683 2205 ejusdem
735 2152 986 2204 dignitatis:
1034 2152 1147 2192 unde
1191 2152 1254 2191 illi

373 2218 595 2270 Majores;
642 2218 685 2258 hi
734 2230 838 2258 vero
891 2217 1087 2258 Minores
1123 2217 1254 2268 vulgo

374 2281 482 2322 dicti
521 2286 634 2334 sunt,
674 2282 789 2334 quod
819 2281 881 2321 illi
911 2285 958 2321 et
991 2281 1254 2334 antiquiores

374 2350 521 2386 essent
540 2350 586 2386 et
603 2345 803 2397 Patricii‚
828 2345 872 2384 hi
894 2357 994 2385 vero
1027 2350 1074 2384 et
1107 2357 1254 2384 recen-

374 2409 509 2449 tiores
525 2414 570 2448 et
584 2407 759 2460 plebeii.
789 2420 841 2448 11.
871 2406 932 2449 At
950 2408 1106 2448 ceteris
1125 2407 1256 2447 omni-

374 2472 473 2523 bus,
502 2484 597 2512 cum
622 2470 882 2511 auctoritate
896 2476 986 2510 tum
1004 2470 1259 2523 insignibus,

377 2537 505 2587 longe
525 2536 662 2575 Dialis
682 2535 912 2587 praestitit:
942 2536 1010 2575 cui
1039 2548 1134 2575 cum
1163 2535 1257 2575 aliis

378 2610 599 2641 commune
641 2597 727 2638 fuit
761 2598 806 2640 in
853 2598 1037 2640 comitiis
1086 2598 1258 2639 tributis

1318 1194 1470 1246 creari,
1496 1194 1738 1247 inaugurari
1767 1207 1792 1234 a
1820 1193 2034 1235 Pontifice
2053 1194 2194 1234 Maxi-

1316 1269 1403 1307 mo,
1445 1263 1492 1297 et
1527 1257 1562 1297 si
1594 1258 1693 1310 quid
1732 1259 1972 1299 admisisset
2005 1258 2198 1307 sceleris,

1317 1324 1436 1365 abire
1467 1323 1683 1364 flaminio:
1714 1326 1806 1364 liaec
1836 1335 1940 1364 vero
1972 1323 2037 1362 illi
2068 1323 2196 1374 plane

1318 1388 1564 1439 singularia,
1590 1388 1762 1437 lictore,
1782 1387 1889 1427 sella
1907 1385 2044 1427 curuli
2063 1386 2198 1437 regia,

1319 1459 1364 1491 et
1382 1457 1505 1491 veste
1526 1452 1681 1503 insigni
1700 1452 1763 1491 uti
1780 1464 1793 1500 ;
1823 1451 2028 1501 vinctum,
2048 1449 2084 1489 si
2101 1450 2196 1502 ejus

1318 1515 1431 1555 aedes
1458 1515 1687 1564 introierit,
1713 1516 1901 1564 solvere3
1931 1526 2066 1564 reum,
2086 1514 2123 1553 si
2141 1513 2198 1553 ad

1319 1579 1413 1630 ejus
1447 1578 1579 1630 pedes
1614 1578 1908 1630 procubuerit,
1947 1577 2197 1618 verberibus

1319 1654 1370 1682 eo
1391 1641 1461 1681 die
1493 1641 1736 1693 prohibere,
1765 1641 1828 1680 illi
1859 1641 2098 1681 exercitum
2130 1653 2199 1680 ar-

1318 1711 1480 1746 matum
1519 1705 1789 1757 conspicere,
1826 1708 1993 1758 jun-are,
2037 1705 2196 1746 annulo

1319 1771 1399 1822 uti,
1427 1770 1731 1821 Magistratum
1764 1770 1895 1809 ullum
1925 1774 1999 1809 aut
2031 1775 2201 1822 petere,

1321 1839 1396 1873 aut
1416 1846 1568 1886 gerere
1603 1832 1724 1874 nefas
1759 1833 1856 1873 fuit.
1911 1834 2053 1873 Multo
2074 1834 2199 1884 plura

1320 1896 1457 1937 refert
1471 1897 1638 1937 Gellius
1652 1898 1725 1938 lib.
1743 1909 1843 1937 xvl.
1861 1909 1958 1948 cap.
1972 1900 2038 1936 16.
2057 1894 2200 1949 quem,

1321 1962 1355 2002 si
1374 1962 1467 2014 quis
1487 1963 1579 2003 hoec
1599 1963 1719 2014 cupit
1738 1962 1863 2011 scire,
1883 1961 2092 2002 consulat.
2127 1972 2201 2003 111.

1320 2027 1497 2066 Flamen
1529 2026 1664 2065 Dialis
1696 2038 1722 2064 a
1749 2025 1903 2064 Numae
1934 2023 2200 2076 temporibus

1319 2102 1482 2130 summo
1502 2102 1672 2142 semper
1692 2089 1735 2128 in
1753 2089 1915 2128 honore
1934 2085 2017 2127 fuit
2035 2088 2089 2127 ad
2110 2087 2201 2127 bel-

1318 2155 1360 2194 la
1379 2166 1515 2206 usque
1535 2153 1681 2193 civilia
1699 2152 1831 2192 Marii
1854 2156 1901 2192 et
1919 2151 2048 2204 Syllae
2066 2166 2079 2202 ;
2107 2156 2201 2192 tum

1323 2217 1437 2258 enim
1457 2218 1578 2269 pulso
1606 2217 1656 2257 C.
1679 2216 1866 2268 Caesare,
1893 2216 1967 2268 qui
2001 2215 2200 2256 sacerdo-

1324 2281 1430 2321 tium
1449 2281 1555 2320 illud
1579 2281 1710 2320 etiam
1744 2285 1832 2319 tum
1857 2279 2031 2330 Juveuis
2049 2279 2201 2319 Cinnae

1323 2357 1456 2397 gener
1473 2344 1655 2395 adeptus
1676 2343 1836 2394 fuerat,
1864 2355 1890 2382 a
1914 2343 2033 2394 Sylla
2060 2341 2203 2382 subla·

1323 2413 1393 2448 tus
1411 2413 1494 2459 est,
1521 2413 1623 2460 post
1649 2419 1782 2446 annos
1814 2406 1910 2458 plus
1942 2405 2082 2445 minus
2101 2416 2201 2445 cen-

1324 2475 1414 2511 tum
1434 2471 1489 2511 ab
1519 2469 1713 2523 Augusto
1738 2468 1980 2521 restitutus,
2004 2468 2203 2510 Theodo-

1325 2536 1377 2577 sii
1395 2535 1572 2576 tandem
1604 2541 1738 2575 aetate
1768 2545 1855 2574 una
1884 2546 1983 2575 cum
2014 2533 2106 2574 aliis
2125 2533 2205 2574 Sa·

1325 2599 1573 2641 cerdotibus
1591 2598 1731 2639 desiit.

1081 2756 1502 2811 VESTALES.

431 2892 465 2920 1.
493 2880 646 2922 SACRA
663 2882 811 2922 Vestae
840 2881 884 2921 in
916 2881 1092 2922 Italiam
1124 2880 1258 2923 fuisse

378 2956 405 2984 a
421 2945 624 2996 Trojanis
643 2945 843 2996 adducta,
861 2945 1151 2998 templumque
1172 2947 1260 2998 pri-

380 3023 492 3051 mum
513 3011 694 3052 Lanuvii
711 3011 764 3051 ab
786 3011 932 3063 AEnea,
950 3016 1040 3050 tum
1057 3011 1110 3051 ab
1131 3012 1260 3051 Asca·

378 3075 450 3116 nio
482 3076 525 3115 in
554 3074 724 3116 Albano
765 3080 911 3115 monte
950 3075 1032 3126 ipsi
1068 3075 1258 3115 dicatum

380 3144 578 3179 auctores
593 3139 785 3192 plerique
800 3150 946 3179 omnes
960 3139 1256 3179 consentiunt:

381 3207 477 3241 uter
496 3214 597 3242 vero
618 3203 764 3242 Romae
788 3202 988 3242 Vestales
1008 3200 1262 3251 instituerit,

382 3268 588 3307 Romulus
630 3279 684 3308 an
715 3267 874 3318 Numa,
902 3266 1016 3307 inter
1047 3266 1142 3306 illos
1178 3277 1263 3306 non

383 3332 609 3372 convenit:
640 3343 721 3384 ego
755 3331 967 3384 Dionysio
1005 3343 1131 3384 quam
1166 3330 1263 3371 aliis

382 3395 636 3435 assenserim
671 3395 892 3446 libentius,
931 3394 1004 3448 qui
1049 3407 1076 3434 a
1122 3394 1266 3435 Numa

386 3464 553 3499 creatas
589 3463 787 3512 quatuor,
828 3465 874 3499 et
908 3458 1124 3512 aliquanto
1167 3461 1266 3511 post

388 3524 491 3564 duas
510 3534 535 3564 a
551 3522 780 3576 Tarquinio
795 3523 945 3565 Prisco
966 3521 1134 3565 additas
1154 3520 1265 3563 affir-

1323 2887 1427 2923 mat.
1458 2894 1510 2923 11.
1537 2881 1726 2922 Vestalis
1757 2880 1869 2921 enim
1893 2878 2092 2932 legendae
2121 2879 2207 2932 pri-

1323 2958 1438 2986 mum
1468 2957 1603 2998 penes
1637 2946 1778 2996 Reges
1802 2945 1875 2995 jus
1906 2948 2017 2994 erat,
2046 2941 2207 2983 deinde

1325 3022 1458 3062 penes
1487 3008 1746 3048 Pontificem
1774 3007 2026 3058 Maximum,
2053 3006 2206 3059 quibus

1326 3080 1471 3114 tamen
1500 3085 1584 3112 non
1613 3085 1739 3126 quam
1759 3071 1917 3111 liberet
1952 3081 2108 3122 capere
2142 3069 2207 3108 in-

1329 3143 1498 3190 tegrum
1553 3136 1662 3177 fuit:
1710 3138 1808 3188 lege
1858 3135 1970 3175 enim
2032 3139 2206 3174 cautam

1331 3207 1440 3253 erat,
1469 3213 1523 3241 ne
1565 3213 1649 3253 qua
1685 3206 1809 3252 patre
1843 3204 1917 3238 aut
1965 3210 2088 3238 servo
2131 3203 2207 3238 aut

1330 3265 1490 3305 liberto
1536 3269 1655 3313 nata,
1694 3268 1769 3303 aut
1817 3261 1967 3314 quavis
2013 3261 2209 3314 corporis

1329 3329 1425 3369 labe
1481 3326 1702 3378 deformis,
1735 3330 1810 3366 aut
1859 3325 1980 3365 annis
2024 3325 2094 3364 vel
2131 3337 2209 3365 sex

1330 3392 1484 3443 minor,
1509 3392 1579 3431 vel
1613 3390 1750 3441 major
1784 3389 1936 3429 decem
1964 3388 2208 3440 legeretur:

1333 3456 1403 3496 eui
1448 3466 1550 3495 vero
1601 3459 1676 3494 aut
1724 3463 1844 3493 soror
1881 3450 1976 3503 jam
2011 3451 2214 3503 Vestalis,

1335 3525 1410 3562 aut
1445 3524 1571 3573 pater
1621 3517 1787 3570 Augur,
1823 3516 2016 3568 Flamen,
2057 3514 2212 3567 Salius,
