2294 3990
859 284 1292 329 SAGERDOTUS.

189 411 436 465 septemvir
464 411 706 463 Epulonum
737 413 846 456 erat,
874 407 937 448 illi
955 406 1074 448 obla-

190 479 283 518 tum
302 475 603 516 Sacerdotium
621 473 851 526 repudiare
880 469 947 511 fas
965 475 1074 511 erat.

188 549 263 580 ιιι.
307 539 444 580 Simul
480 543 529 579 ut
559 538 603 578 in
633 536 791 578 atrium
823 536 970 576 Vestae
1001 534 1076 574 de-

190 602 324 644 ducta
353 603 558 654 Vestalis,
590 602 669 653 illi,
698 613 796 642 cum
835 612 861 640 a
895 600 1076 650 Senatu,

190 671 282 708 tum
319 680 345 708 a
381 669 543 720 populo
592 666 725 707 etiam
771 664 989 714 universo,
1030 668 1077 703 et

189 740 353 770 summa
369 729 470 782 jura
487 728 638 780 tribui,
665 733 710 769 et
728 729 910 769 honores
930 726 1075 766 eximii

189 791 354 834 deferri
371 794 593 843 solebant;
623 804 675 834 ea
706 797 851 833 tamen
882 791 998 843 lege,
1025 795 1075 830 ut

189 861 236 897 et
249 857 388 908 ignem
403 869 571 898 sacrum
587 861 634 897 et
648 854 910 908 virginitatis
923 852 1076 895 florem

188 919 399 961 illibatum
418 924 721 962 conservaret:
751 918 847 959 haec
866 929 970 958 vero
990 917 1076 957 sin-

190 985 302 1037 gulis
333 986 428 1026 haec
472 990 590 1026 stata
626 989 833 1036 certaque
870 982 944 1022 lex
981 980 1078 1033 fuit,

191 1050 368 1104 triginta
385 1051 504 1092 annis
517 1051 625 1091 Deae
648 1048 838 1091 sacrario
855 1047 1078 1100 inservire,

1959 273 2034 328 89

1145 406 1284 460 primo
1322 401 1538 445 decennio
1577 399 1867 453 caerimonias,
1905 403 2033 455 ritus,

1142 469 1442 521 rationemque
1481 477 1702 507 sacrorum
1740 464 1926 517 discere,
1968 478 2035 506 se-

1144 532 1292 586 quenti
1342 541 1565 580 exercere,
1606 533 1829 581 postremo
1874 530 2034 571 docere

1144 597 1274 638 alias:
1305 608 1390 650 quo
1417 600 1614 647 tempore
1641 591 1710 633 fas
1740 598 1850 644 erat,
1883 594 2037 645 positis

1141 659 1388 700 Sacerdotii
1406 657 1658 711 insignibus,
1678 656 1746 697 cui
1766 656 1944 707 vellent,
1958 669 2036 696 nn-

1142 723 1278 763 bere:
1325 722 1439 775 quod
1476 733 1501 761 a
1536 720 1780 774 perpaucis,
1814 732 1896 760 nec
1931 720 2034 760 laeto

1141 786 1244 827 vitae
1264 786 1399 839 exitu,
1424 785 1619 827 factitari
1639 784 1859 826 memoriae
1890 784 2036 837 prodi-

1143 856 1235 891 tum
1256 856 1335 892 est.
1391 851 1438 891 Si
1457 862 1559 891 vero
1579 861 1702 890 sacer
1722 849 1940 890 extinctus
1971 847 2037 900 ig-

1141 917 1210 957 nis
1231 922 1363 968 esset,
1389 922 1465 957 aut
1483 916 1669 957 violatus
1689 914 1845 968 pudor,
1867 919 2034 956 certum

1144 993 1286 1033 poenae
1308 992 1443 1033 genus
1475 979 1701 1021 definitum
1721 983 1843 1021 erat:
1877 978 1931 1020 de
1950 990 2037 1032 quo

1144 1045 1188 1085 in
1209 1044 1324 1085 notis
1346 1043 1525 1096 egimus.

685 1219 997 1274 POTITII
1037 1218 1138 1272 ET
1176 1213 1528 1269 PINARII.

249 1365 281 1394 1.
319 1354 391 1395 Da
421 1354 686 1395 Potitiorum
723 1360 770 1396 et
803 1355 1079 1396 Pinariorum

192 1416 375 1470 origiue,
403 1430 501 1458 cum
532 1431 558 1458 a
590 1418 820 1471 Dionysio,
851 1425 943 1460 tum
963 1432 988 1459 a
1008 1419 1078 1459 Li-

195 1481 263 1522 vio
281 1482 461 1535 aliisque
474 1482 707 1522 Histoi-icis
718 1483 956 1535 hujusmodi
971 1483 1079 1523 texi-

193 1550 281 1597 tur,
306 1557 383 1586 seu
414 1545 606 1592 historia,
640 1558 719 1586 seu
752 1546 895 1598 potius
914 1545 1076 1587 fabula.

192 1608 329 1649 Simul
348 1615 395 1649 ut
415 1608 577 1649 Cacum
594 1608 649 1649 ob
671 1614 836 1650 amotas
866 1622 943 1662 per
962 1609 1078 1650 frau-

193 1672 292 1714 dem
327 1673 460 1714 boves
495 1673 621 1714 clava
656 1674 818 1714 cecidit
848 1674 1080 1726 Hercules,

195 1738 413 1790 Evander,
445 1739 517 1791 qui
549 1743 640 1778 tum
671 1751 723 1779 ea
753 1739 850 1780 loca
879 1739 1079 1792 regebat,

194 1807 416 1853 pastorum
440 1802 699 1842 clamoribus
729 1802 900 1843 excitus
934 1815 1083 1843 accur·

194 1864 269 1916 rit,
305 1869 352 1906 et
379 1863 559 1905 formam
589 1865 866 1919 habitumque
900 1866 982 1906 viri
1008 1867 1083 1907 ali·

193 1934 356 1981 quanto
371 1929 666 1982 augustiorem
684 1930 867 1969 humana
892 1930 1082 1982 intuens,

195 1992 318 2034 abeo
337 2006 534 2046 quaenam
563 1992 764 2035 facinoris
798 2007 943 2046 causa,
971 1996 1084 2048 rogi-

194 2061 263 2098 tat
282 2057 376 2110 quis
400 2063 530 2109 esset,
557 2057 671 2098 unde
692 2059 858 2110 genus?
890 2058 965 2098 ubi
982 2072 1083 2100 vero

195 2132 368 2173 nomen,
385 2126 572 2174 patrem,
602 2122 878 2175 patriamque
897 2123 1085 2175 accepit,

195 2185 402 2226 continuo
419 2198 538 2227 aram
558 2187 722 2226 exstrui
737 2187 883 2238 jubet,
900 2192 947 2227 et
971 2187 1085 2229 bove

195 2250 354 2291 eximia
370 2263 539 2291 sacrum
565 2250 676 2302 fieri,
703 2252 913 2293 adhibitis
936 2251 991 2291 ad
1012 2252 1089 2292 mi·

194 2313 422 2354 nisterium
436 2315 679 2367 dapemque
695 2315 872 2355 Potitiis
891 2321 936 2355 et
953 2315 1084 2355 Pina-

195 2376 286 2430 riis,
305 2389 403 2431 quae
424 2383 515 2419 tum
534 2376 709 2419 familiae
730 2379 916 2420 maxime
945 2379 1083 2433 incly-

1147 1357 1205 1393 tae
1224 1364 1275 1392 ea
1300 1351 1396 1391 loca
1412 1348 1661 1390 incolebant
1680 1361 1691 1388 ε
1725 1347 1839 1389 forte
1858 1347 1922 1389 ita
1938 1359 2037 1389 eve-

1146 1418 1230 1468 nit,
1249 1420 1300 1456 ut
1319 1414 1472 1455 Potitii
1494 1414 1548 1454 ad
1584 1417 1754 1466 tempus
1783 1418 1947 1465 praesto
1977 1426 2043 1454 es·

1146 1486 1259 1532 sent,
1286 1478 1454 1519 Pinarii
1472 1490 1559 1518 non
1582 1478 1712 1527 item;
1738 1477 1840 1518 inde
1867 1478 2040 1518 institu-

1146 1550 1239 1585 tum
1266 1543 1442 1595 mansit,
1474 1542 1614 1583 donec
1642 1542 1868 1582 Pinarium
1901 1554 2037 1595 genus

1147 1608 1246 1659 fuit,
1264 1620 1319 1648 ne
1340 1607 1454 1647 extis
1471 1606 1718 1646 solennibus
1735 1613 2040 1648 vescerentur.

1150 1685 1204 1714 11.
1233 1673 1391 1713 Potitii
1420 1672 1475 1712 ab
1504 1671 1709 1711 Evandro
1741 1671 1888 1711 edocti
1916 1671 2042 1724 hujus

1150 1738 1263 1779 sacri
1306 1737 1525 1778 antistites
1563 1748 1646 1789 per
1686 1736 1846 1776 multas
1891 1741 2045 1776 aetates

1150 1802 1339 1853 fuerunt,
1358 1801 1497 1842 donec
1517 1814 1629 1841 anno
1656 1801 1709 1840 ab
1724 1800 1847 1841 Urbe
1868 1800 2046 1841 condita

1150 1869 1247 1907 461.
1305 1866 1473 1906 Potitia
1501 1878 1607 1918 gens
1638 1878 1735 1906 cum
1755 1864 2047 1918 auctore-Ap-

1152 1930 1226 1983 pio
1255 1930 1437 1971 Claudio
1468 1931 1661 1971 Censore
1680 1942 1827 1970 servos
1849 1929 2046 1982 publicos

1150 1995 1380 2035 ministerii
1420 1994 1652 2046 delegandi
1687 2006 1819 2034 causa
1853 1993 2049 2034 solennia

1152 2059 1248 2111 ejus
1287 2058 1401 2099 sacri
1447 2058 1684 2105 docuisset,
1725 2058 1840 2096 intra
1872 2068 2047 2107 annum,

1151 2122 1256 2162 licet
1285 2121 1512 2162 duodecim
1529 2120 1713 2160 familias
1733 2120 2047 2172 complectere-

1153 2189 1239 2237 tur,
1256 2187 1369 2225 omni
1382 2197 1480 2225 cum
1497 2184 1631 2236 stirpe
1651 2184 1845 2233 interiit3
1866 2189 1912 2223 et
1933 2184 2046 2224 Ceu·

1156 2262 1227 2290 sor
1244 2249 1339 2302 ipse
1361 2249 1529 2302 Appius
1551 2249 1664 2289 haud
1694 2249 1829 2288 multo
1862 2254 1962 2300 post
1982 2248 2046 2288 lu-

1153 2314 1340 2354 minibus
1379 2319 1535 2366 captus
1568 2319 1650 2355 est.
1706 2313 1818 2354 Haec
1851 2311 1945 2353 fere
1973 2312 2046 2352 Li-

1151 2377 1244 2418 vius
1262 2377 1337 2419 lib.
1359 2389 1390 2419 1.
1410 2383 1456 2419 et
1477 2389 1545 2419 lx.

926 2527 1301 2584 LUPERGI.

251 2660 285 2690 1.
313 2647 429 2692 Am
463 2651 535 2691 alii
564 2650 620 2692 de
653 2653 967 2705 Lupercalibus
996 2658 1083 2696 tra-

197 2711 306 2753 dunt
336 2719 564 2755 auctores:
595 2716 649 2756 ab
683 2717 887 2758 Evandro
916 2731 971 2759 ex
1004 2719 1085 2760 Ar-

197 2776 323 2818 cadia
366 2778 413 2818 in
455 2779 628 2820 Italiam
674 2782 885 2822 translata
936 2784 1087 2824 volunt

196 2840 444 2894 Dionysius,
467 2843 631 2896 Livius,
663 2850 710 2885 et
738 2846 1029 2887 Plutarchus:
1061 2860 1087 2888 a

198 2907 380 2948 Romulo
411 2913 457 2948 et
488 2909 626 2949 Remo
664 2909 865 2951 instituta
902 2917 1085 2964 propter

197 2967 360 3010 factam
393 2970 477 3011 sibi
508 2970 563 3011 ab
598 2985 678 3013 avo
705 2974 932 3015 Numitore
951 2975 1082 3016 Urbis

196 3031 242 3073 in
269 3039 413 3074 munte
440 3035 661 3088 Palatino,
689 3037 764 3077 ubi
789 3039 962 3079 educati
988 3038 1080 3080 fue-

197 3103 313 3147 rant,
350 3098 589 3139 condendae
635 3105 898 3152 potestatem
945 3103 1083 3144 tradit

196 3160 396 3200 Valerius
416 3161 656 3203 Maximus:
688 3175 713 3202 a
732 3163 940 3204 Romanis
968 3167 1083 3206 cele-

196 3223 325 3265 brata
343 3223 478 3265 refert
498 3225 680 3266 Ovidius
707 3227 762 3267 ob
783 3227 1040 3270 beneficium
1058 3243 1085 3270 a

197 3287 300 3340 lupa
324 3289 527 3328 Romanis
555 3290 797 3341 praestitum
827 3292 871 3331 in
897 3292 1083 3334 educan-

200 3348 266 3390 dis
301 3353 443 3404 pueris
481 3352 664 3393 Romulo
708 3359 754 3394 et
791 3356 942 3407 Remo,
977 3362 1084 3397 tem-

199 3415 403 3468 plumque
428 3417 483 3456 ad
509 3416 639 3457 ficum
667 3418 939 3460 Ruminalem
957 3420 1011 3461 ab
1031 3421 1084 3460 iis

202 3485 471 3522 exstructum
493 3486 695 3534 testatur,
723 3484 838 3536 quod
868 3486 1086 3537 Lupercal

203 3547 403 3584 vocatum
448 3548 530 3585 est.
603 3555 658 3586 u.
695 3547 826 3589 Quod
869 3549 1086 3601 Lupercal

1155 2655 1360 2697 Romanis
1381 2654 1546 2696 dictum
1566 2658 1634 2695 est
1652 2653 1858 2708 Lycaeum
1880 2653 2049 2695 Graecis

1153 2719 1262 2761 fuit:
1291 2720 1405 2760 idem
1426 2719 1540 2759 enim
1561 2718 1677 2770 apud
1711 2718 1894 2758 Graecos
1924 2715 2047 2758 λύκος

1155 2789 1293 2836 sonat,
1325 2783 1443 2837 quod
1482 2782 1599 2834 apud
1637 2782 1852 2822 Romanos
1889 2782 2047 2834 lupus;

1155 2848 1247 2888 sive
1274 2859 1300 2887 a
1317 2847 1431 2899 lupis
1460 2846 1676 2896 arcendis,
1705 2858 1759 2886 ne
1791 2846 1941 2898 pecori
1970 2858 2045 2887 no-

1155 2916 1323 2962 cerent,
1352 2923 1438 2951 vox
1472 2910 1549 2949 illa
1577 2909 1770 2950 deducta
1801 2911 1874 2961 sit,
1900 2910 1990 2950 sive
2019 2923 2046 2950 a

1152 2976 1311 3029 Lycaeo
1330 2974 1531 3015 Arcadiae
1548 2979 1711 3026 monte,
1727 2973 1802 3014 ubi
1822 2973 1915 3013 Pan
1936 2986 2045 3024 prae-

1153 3040 1280 3092 cipuo
1299 3040 1464 3080 honore
1482 3039 1723 3079 colebatur.
1771 3049 1841 3077 111.
1860 3036 2046 3087 Luperci

1151 3115 1304 3143 canem
1342 3102 1640 3153 immolabant,
1672 3102 1742 3140 vel
1774 3102 1818 3140 in
1861 3099 2045 3151 gratiam

1150 3167 1284 3219 lupae,
1306 3180 1331 3207 a
1350 3180 1437 3220 qua·
1459 3166 1649 3207 nutritus
1667 3165 1887 3214 Romulus,
1905 3164 1974 3203 vel
2001 3164 2045 3203 in

1151 3230 1284 3271 Panis
1303 3231 1526 3281 honorem,
1557 3229 1626 3269 cui
1650 3229 1767 3268 canis
1800 3228 1854 3267 ob
1874 3227 2045 3270 fidelem

1153 3301 1444 3335 armentorum
1474 3306 1619 3334 curam
1650 3299 1797 3343 gratus
1818 3298 1945 3334 esset.
1999 3294 2046 3335 Si

1154 3363 1299 3398 tamen
1344 3359 1496 3399 Servio
1550 3355 1782 3406 credimus,
1831 3356 2047 3409 Lupercal

1157 3423 1365 3474 spelunca
1383 3421 1466 3461 fuit
1488 3420 1568 3460 sub
1597 3423 1743 3459 monte
1760 3419 1981 3473 Palatino,
2000 3423 2046 3462 in

1153 3498 1238 3539 qua
1257 3498 1390 3539 capro
1410 3483 1636 3525 litabatur.
1693 3494 1756 3523 ιν.
1779 3484 1876 3524 Mos
1894 3483 1978 3526 fuit
1995 3493 2047 3528 ut

1157 3550 1346 3602 Luperci
1397 3559 1473 3588 xv.
1515 3546 1737 3587 Kalendas
1771 3547 1969 3602 Martias,
1992 3550 2045 3591 -is
