2242 3958
995 313 1073 350 DF.
1118 312 1469 351 ROMANORU
1484 313 1524 349 M

937 528 1170 590 GENS
1237 529 1564 590 MUCIA.

394 673 656 714 MucroRuM
678 684 796 724 gens,
815 684 909 724 quae
932 672 1118 724 plebeia,
1131 685 1218 712 una

339 736 437 784 fuit,
453 737 624 776 familiae
645 737 758 788 duae,
774 736 926 788 quibus
944 741 989 776 et
1010 736 1215 776 Scaevulae

338 814 572 853 cognomen
594 801 737 840 datum
758 804 840 850 est,
858 805 902 840 et
927 800 1011 839 duo
1032 799 1213 852 singula-

338 866 401 904 ria
419 864 606 913 fuerunt,
635 863 834 913 alterum,
859 863 933 914 jus
958 863 1086 903 civile
1117 876 1213 915 pro-

331 920 467 976 fiteri,
509 927 706 977 alterum,
734 927 967 967 Censuram
1001 939 1214 980 nunquam

335 990 527 1041 petiisse.
558 989 713 1029 Gentis
742 990 942 1042 princeps
974 1002 1004 1031 1.
1038 991 1091 1033 Q.
1119 991 1214 1030 Mu-

335 1053 426 1092 cius
445 1052 642 1092 Scaevula
660 1052 832 1092 Praetor
862 1066 971 1093 anno
991 1057 1085 1093 538.
1106 1053 1213 1093 duos

333 1115 482 1155 habuit
498 1113 624 1164 filios,
643 1126 695 1155 11.
711 1115 917 1156 Quintum
935 1121 979 1155 et
994 1116 1211 1167 Publium,

334 1178 532 1230 aquibus
545 1177 665 1218 facta
683 1184 784 1219 sunt
799 1180 938 1231 gentis
959 1179 1064 1219 duas
1084 1179 1127 1219 in
1146 1177 1207 1219 fa-

333 1240 471 1280 milias
493 1241 689 1282 divortia.

387 1316 440 1344 11.
469 1304 647 1357 Quinto,
679 1306 752 1359 qui
788 1307 947 1347 Consul
967 1318 1077 1346 anno
1113 1309 1212 1346 579.

332 1372 484 1407 contra
515 1367 698 1419 Ligures
729 1381 818 1409 rem
850 1371 961 1409 male
994 1369 1140 1420 gessit,
1160 1382 1214 1409 ex

331 1430 418 1470 filio
437 1443 510 1471 111.
532 1432 695 1473 Quinto
723 1445 859 1485 nepos
891 1432 974 1473 fuit
996 1445 1060 1474 iv.
1083 1433 1216 1475 Quin·

331 1499 402 1534 tus
428 1495 501 1534 ille
534 1496 704 1535 Mucius
729 1503 1012 1548 cognomento
1051 1495 1216 1547 Augur,

330 1556 487 1596 Consul
508 1570 618 1598 anno
634 1562 729 1599 636.
787 1560 836 1600 C.
857 1561 976 1600 Laelii
995 1559 1215 1611 Sapientis

331 1631 478 1672 gener,
510 1627 555 1662 et
588 1623 636 1662 L.
673 1622 815 1662 Crassi
843 1622 1041 1663 Oratoris
1075 1634 1214 1672 socer,

331 1695 458 1736 quem
485 1688 573 1724 tum
594 1686 636 1725 in
663 1686 740 1727 lib.
760 1698 792 1726 1.
813 1686 867 1726 de
898 1687 1101 1739 Oratore,
1123 1693 1212 1727 tum

330 1746 374 1786 in
407 1747 518 1788 libro
551 1749 605 1789 de
637 1748 847 1790 Amicitia
881 1751 1126 1802 loquentem
1149 1751 1211 1790 in-

330 1811 452 1851 ducit
473 1812 638 1854 Cicero.
668 1826 711 1855 v,
733 1814 839 1866 Ejus
871 1814 982 1854 filius
1021 1815 1211 1856 Quintus

330 1879 377 1913 et
406 1874 502 1927 'ipse
538 1877 680 1917 dictus
720 1877 886 1930 Augur,
922 1879 1209 1930 peritissimus

321 1938 435 1989 juris
456 1944 500 1978 et
516 1941 729 1991 percomis
750 1941 920 1981 habitus
941 1948 1022 1982 est.

383 2014 435 2043 ιι.
466 2003 645 2044 Publius
677 2005 844 2055 Quinti,
880 2003 933 2043 de
964 2017 1048 2057 quo
1083 2004 1212 2056 paulo

1285 679 1404 723 ante,
1431 671 1570 713 frater
1588 677 1691 713 natu
1710 674 1858 726 major,
1879 671 2035 716 Consul
2055 687 2165 717 anno

1283 742 1375 778 578.
1389 738 1496 779 duos
1516 739 1708 791 suscepit
1723 737 1846 789 filios,
1873 750 1944 779 ιιι.
1964 739 2166 780 Publium

1285 802 1495 853 Mucium,
1525 808 1570 842 et
1597 802 1650 842 P.
1672 803 1870 843 Crassum
1899 802 2168 855 Mucianum,

1283 864 1353 916 qui
1373 865 1413 903 in
1434 870 1563 916 gente
1583 865 1747 906 Licinia
1767 864 2167 918 adoptatuseontra

1284 927 1576 968 Aristonicum
1596 928 1742 980 periit,
1767 929 1829 968 uti
1863 929 2062 980 diximus,
2091 940 2166 973 111.

1283 990 1464 1030 Publius
1498 991 1669 1032 Mucius
1709 1004 1819 1032 anno
1850 989 1947 1033 62‘0.
1978 1005 2063 1045 quo
2095 993 2164 1034 Ti.

1283 1053 1506 1093 Gracchus
1537 1066 1673 1094 caesus
1706 1059 1788 1105 est,
1817 1054 1991 1106 Consul,
2010 1061 2054 1096 et
2087 1056 2166 1095 ali-

1282 1122 1443 1168 quanto
1476 1122 1574 1168 post
1607 1115 1812 1156 Pontifex
1835 1117 2059 1169 maximus,
2089 1131 2163 1170 pa-

1281 1185 1349 1219 ter
1383 1178 1468 1219 fuit
1506 1191 1571 1220 ιν.
1619 1180 1767 1222 Quinti
1809 1179 1921 1220 illius
1955 1180 2162 1224 Scaevulae

1282 1252 1565 1297 cognomento
1585 1245 1832 1297 pontificis,
1856 1246 1928 1298 qui
1957 1247 2007 1287 1..
2037 1247 2162 1287 Cras-

1282 1309 1318 1348 si
1368 1308 1565 1349 Oratoris
1596 1308 1697 1359 fuit,
1730 1314 1821 1350 tum
1865 1311 1910 1350 in
1942 1309 2162 1361 Praetura,

1283 1378 1374 1412 tum
1420 1374 1462 1412 in
1493 1373 1727 1413 Consulatu
1759 1373 1952 1424 Collega,
1996 1371 2163 1413 Asiam·

1285 1448 1368 1488 que
1430 1436 1603 1476 Praetor
1649 1443 1736 1476 tam
1785 1442 1936 1477 sancte
1982 1435 2163 1477 admini-

1288 1499 1453 1550 stravit,
1484 1505 1533 1540 ut
1563 1504 1609 1540 et
1640 1499 1732 1540 aliis
1777 1505 1986 1552 tanquam.
2027 1498 2164 1540 forma

1286 1569 1329 1603 et
1359 1564 1600 1615 exemplum
1625 1562 1734 1614 justi
1763 1563 1930 1615 imperii
1951 1575 2162 1614 propone-

1283 1632 1420 1678 retur,
1454 1632 1499 1666 et
1530 1627 1572 1665 in
1609 1626 1722 1666 illius
1755 1627 1958 1667 honorem
1989 1625 2163 1678 festum,

1282 1690 1351 1730 cui
1370 1703 1523 1730 nomen
1544 1691 1694 1731 Mucia
1713 1692 1767 1731 ab
1797 1690 1967 1731 Asianis
1995 1691 2164 1732 institu-

1279 1760 1368 1794 tum
1389 1754 1459 1795 sit.
1515 1754 1567 1794 In
1595 1754 1721 1794 Civili
1750 1754 1864 1795 bello
1881 1767 1906 1794 a
1937 1756 1984 1796 L.
2001 1756 2162 1795 Dama-

1279 1818 1405 1868 sippo
1425 1829 1561 1857 caesus
1581 1823 1662 1857 est.
1717 1817 1911 1858 Primum
1934 1818 1990 1859 Q'.
2011 1817 2158 1870 Augu-

1279 1892 1384 1930 rem,
1403 1880 1559 1920 deinde
1580 1893 1631 1921 eo
1653 1887 1821 1922 mortuo
1835 1881 2161 1924 P.Pontificem

1281 1943 1446 1984 audivit
1467 1943 1638 1996 Cicero,
1655 1950 1705 1986 ut
1725 1945 1817 1997 ipse
1838 1949 2038 1986 testatur.

879 2178 1114 2241 GENS
1183 2180 1604 2241 OCTAVIA.

383 2323 698 2364 ocvrAvuonnm
728 2322 893 2364 familia
911 2323 1091 2363 Velitris
1113 2323 1211 2363 olim

328 2386 550 2440 praecipua
602 2388 715 2427 inter
755 2387 971 2426 Patricias
1008 2398 1034 2426 a
1064 2386 1213 2426 Servio

327 2451 463 2492 Tullio
481 2452 635 2491 allecta
655 2450 827 2504 quidem
849 2455 933 2501 est,
954 2448 1029 2489 sed
1051 2449 1214 2501 aliquot

329 2514 450 2553 annis
471 2520 569 2566 post
599 2514 653 2554 ad
687 2513 855 2566 plebem
890 2525 934 2553 se
956 2513 1152 2553 contulit.
1179 2524 1213 2552 1.

328 2577 378 2617 C.
420 2577 628 2618 Octavius
676 2576 817 2617 Rufus
856 2576 1127 2618 Quaestorius
1159 2588 1211 2616 11.

329 2642 506 2682 Cneium
527 2648 572 2683 et
591 2643 739 2684 Caium
774 2643 1036 2696 procreavit,
1069 2656 1094 2683 a
1121 2644 1213 2697 qui-

327 2706 407 2746 bus
442 2706 603 2759 duplex
636 2707 915 2747 Octaviorum
950 2705 1112 2746 familia
1139 2706 1212 2746 de-

327 2768 470 2820 fluxit,
488 2771 734 2811 conditione
755 2771 951 2810 diversa:
1002 2769 1212 2822 siquidem

331 2835 488 2875 Cneius
533 2841 579 2876 et
623 2836 829 2888 deinceps
870 2836 925 2876 ab
971 2848 1022 2876 eo
1061 2836 1214 2889 reliqui

330 2911 478 2940 omnes
525 2900 700 2939 summis
751 2899 891 2940 functi
939 2904 1039 2939 sunt
1084 2900 1213 2939 hono-

329 2962 474 3013 ribus;
518 2968 564 3004 at
592 2963 721 3003 Caius
758 2963 937 3016 ejusque
969 2963 1133 3015 posteri
1169 2963 1212 3003 in

331 3026 527 3079 equestri
572 3025 723 3066 ordine
769 3025 1025 3078 constitere,
1079 3038 1213 3079 usque

331 3091 387 3130 ad
425 3089 608 3143 Augusti
641 3096 828 3142 patrem,
866 3091 956 3143 qui,
1000 3102 1054 3129 ex
1092 3090 1212 3130 Prae-

333 3160 429 3194 tura
457 3153 758 3195 Macedoniam
779 3153 973 3202 sortitus,
995 3153 1108 3192 illam
1128 3165 1211 3192 non

331 3217 495 3257 minore
541 3217 724 3269 justitiae
768 3228 895 3269 quam
943 3214 1211 3256 fortitudinis

331 3279 458 3319 laude
493 3280 825 3331 administravit,
853 3279 917 3319 uti
948 3279 1129 3318 diximus
1166 3279 1211 3318 in

335 3347 465 3393 gente
485 3343 619 3384 Julia.

387 3415 440 3446 11.
467 3405 642 3459 Cneius,
662 3405 767 3446 Caio
787 3403 1086 3459 genitus‚cum
1117 3404 1213 3445 Sar·

1281 2324 1441 2364 diniam
1463 2326 1634 2366 Praetor
1662 2325 1893 2377 obtineret,
1921 2325 2018 2365 dum
2049 2324 2162 2366 Afri-

1282 2398 1412 2426 canus
1443 2388 1580 2440 maj0r
1596 2388 1638 2427 in
1673 2385 1821 2428 Africa
1853 2387 2012 2428 bellum
2039 2390 2165 2441 gerit,

1282 2450 1406 2490 maris
1425 2451 1574 2490 littora
1593 2450 1768 2491 fortiter
1783 2455 1948 2492 tutatus
1968 2458 2048 2493 est.
2089 2464 2160 2494 ιιι.

1284 2514 1442 2554 Cneius
1478 2515 1571 2566 ejus
1613 2514 1724 2554 filius
1770 2514 2005 2555 Consulatu
2049 2527 2162 2555 anno

1282 2579 1375 2616 589.
1395 2583 1440 2616 et
1468 2576 1683 2628 triumpho
1714 2577 1769 2616 de
1804 2577 1940 2617 Perse
1959 2579 2093 2618 multo
2114 2579 2162 2618 il-

1281 2639 1484 2689 lustrior3
1533 2639 1698 2679 Persen
1731 2640 1846 2680 enim
1884 2653 1910 2680 a
1938 2641 1989 2681 L.
2024 2641 2163 2681 Paulo

1272 2705 1363 2756 jam
1387 2705 1548 2746 victum
1579 2705 1752 2746 Praetor
1786 2711 1980 2758 ceperat,
2014 2713 2059 2748 et
2089 2708 2162 2747 ali·

1281 2774 1440 2820 quanto
1474 2774 1574 2821 post
1606 2769 1774 2820 legatus
1812 2769 1866 2808 ad
1901 2768 2162 2810 Antiochum

1283 2830 1512 2870 Laodiceae
1533 2831 1670 2882 Syriae
1685 2831 1853 2871 occisus
1872 2837 1954 2872 est.
1997 2833 2062 2872 Ex
2084 2833 2161 2874 du-

1282 2893 1389 2933 obus
1426 2893 1539 2933 illius
1569 2892 1675 2933 filiis
1709 2905 1773 2934 ιν.
1809 2894 1968 2935 Cneius
2002 2895 2164 2936 Consul

1280 2956 1361 2997 fuit
1382 2969 1492 2997 anno
1512 2961 1608 2998 625.
1637 2957 1812 2998 Marcus
1823 2970 1910 2999 non
1927 2958 2057 3010 item;
2087 2960 2162 3000 sed

1281 3020 1456 3074 utrique
1502 3020 1578 3060 filii
1624 3021 1829 3062 Consules
1874 3020 2066 3074 fuerunt,
2098 3035 2161 3064 ιν.

1280 3084 1432 3125 Marco
1452 3097 1494 3125 v.
1515 3085 1673 3125 Cneius
1692 3097 1802 3126 anno
1819 3089 1916 3127 677.
1935 3086 2070 3127 Cneio
2090 3099 2162 3127 ve·

1280 3162 1328 3190 ro
1349 3162 1395 3191 v.
1413 3150 1571 3191 Cneius
1590 3158 1636 3190 et
1655 3149 1830 3202 Lucius,
1846 3150 1920 3190 ille
1941 3162 2050 3191 anno
2064 3154 2160 3192 666.

1277 3213 1347 3253 hic
1380 3217 1474 3255 678.
1521 3213 1679 3254 Cneius
1711 3225 1808 3252 cum
1840 3213 1891 3253 L.
1919 3212 2098 3254 Cinnam
2118 3214 2161 3254 in

1279 3279 1518 3318 Consulatu
1550 3278 1766 3329 Collegam
1784 3276 1890 3317 urbe
1909 3278 2162 3330 expulisset,

1279 3341 1408 3394 paulo
1428 3346 1526 3393 post
1543 3340 1656 3381 illius
1669 3340 1792 3392 jussu
1805 3338 2062 3382 interfectus
2080 3347 2160 3384 est.
