2346 3952
361 299 436 353 38

364 429 571 470 affinitate
583 429 689 470 civis
704 430 977 479 clarissimum
998 430 1107 468 illius
1121 428 1233 468 enim

362 493 448 541 filia
485 493 662 533 Caecilia
690 492 854 532 duobus
886 493 1003 541 viris,
1039 492 1110 542 qui
1146 497 1233 531 tum

361 562 560 608 poterant
580 555 1006 607 plurimum,primum
1028 555 1090 593 M.
1107 554 1236 594 Scau·

361 632 410 659 ro
429 620 611 665 Senatus
631 618 831 670 principi,
860 617 1014 657 deinde
1041 618 1088 656 L.
1103 617 1232 668 Syllae

354 683 489 738 ⁴paulo
510 686 606 734 post
624 681 839 722 Dictatori
858 681 1028 732 nupsit;
1056 680 1233 732 ipseque

1012 313 1087 351 DE
1130 311 1530 349 ROMANORUM

1302 440 1396 467 cnm
1419 429 1536 479 prole
1557 428 1745 466 mascula
1759 424 2177 479 careret,ad0ptavit

1303 503 1387 531 vn.
1426 491 1667 541 Scipionem
1699 491 1916 541 Nasicam,
1946 492 2020 544 qui
2050 492 2174 531 Poin-

1302 555 1388 604 peii
1428 555 1577 606 Magni
1617 565 1740 593 socer
1774 554 1814 591 in
1844 552 1996 614 Africo
2026 555 2177 605 periit,

1301 622 1346 657 et
1365 618 1490 669 vulgo
1510 618 1564 659 Q.
1585 617 1789 657 Metellus
1819 616 1921 656 Pius
1940 617 2085 669 Scipio
2101 628 2175 667 ap-

1302 682 1503 732 pellatur.
2229 683 2231 685 ’

806 845 1039 909 GENS
1107 846 1727 910 CALPHURNIA.

415 987 710 1028 CALPHURNU
745 987 834 1027 sive
867 988 1105 1039 Calpurnii,
1132 988 1235 1027 licet

359 1051 543 1101 plebeii,
563 1064 588 1090 a
604 1052 739 1103 Calpo
759 1052 911 1091 Numae
931 1051 1130 1102 Pompilii
1149 1051 1235 1090 filio

359 1113 566 1164 originem
576 1114 844 1166 repetebant.
866 1116 1021 1154 Eorum
1033 1114 1105 1153 alii
1118 1114 1236 1154 Piso·

359 1188 451 1224 nes,
463 1177 782 1228 aliiBibnli,alii
795 1178 995 1216 Flammae
1009 1177 1235 1217 dictisunt.

362 1241 399 1278 E
411 1239 639 1285 Pisonibus
661 1241 867 1281 Consules
879 1242 1000 1281 multi
1018 1254 1235 1287 numeran-

360 1309 429 1343 tur
447 1317 458 1352 ;
488 1315 596 1342 unus
618 1316 641 1343 e
662 1304 852 1352 Bibulis3
885 1317 908 1343 e
929 1305 1127 1348 Flammis
1147 1306 1237 1344 nul-

358 1367 440 1406 lus.
495 1367 565 1408 Illi
590 1367 747 1407 Bibulo
780 1368 953 1407 Marcus
991 1380 1238 1419 praenomen

358 1429 454 1479 fnit,
474 1430 545 1482 qui
562 1442 671 1470 anno
690 1434 782 1471 694.
812 1431 861 1470 C.
879 1431 1057 1471 Caesaris
1070 1431 1111 1470 in
1127 1431 1236 1472 Con-

358 1494 499 1533 sulatu
537 1493 730 1545 Collega,
766 1494 874 1534 adeo
908 1495 1010 1534 nihil
1051 1501 1236 1547 poterat,

360 1560 407 1596 nt
424 1567 502 1608 per
518 1555 664 1606 jocum
691 1556 910 1596 diceretur
942 1556 1045 1596 Caio
1078 1562 1121 1596 et
1143 1558 1236 1597 (3ae-

359 1630 453 1660 sare
482 1619 765 1659 Consulibus:
807 1619 967 1659 Censor
992 1625 1134 1659 tamen
1166 1621 1237 1659 ali·

360 1689 519 1734 quanto
554 1688 651 1735 post
672 1689 841 1723 creatus
870 1689 954 1732 est,
982 1682 1236 1734 fidelemque

361 1744 568 1796 Pompeio
610 1749 759 1785 contra
805 1745 1020 1784 Caesarem
1065 1745 1236 1785 navavit

361 1819 550 1858 operam.

411 1872 473 1911 Ut
492 1872 836 1922 Calpurniorum,
865 1872 926 1911 ita
956 1871 1154 1911 Pisonum
1172 1873 1235 1912 di-

361 1945 483 1973 versa
503 1933 677 1974 fuerunt
694 1935 946 1986 cognomina
964 1947 974 1974 t
1015 1934 1105 1973 aliis
1125 1935 1236 1975 enim

361 1998 588 2050 Caesonini,
628 1999 719 2038 aliis
755 1998 899 2049 Frugi,
931 1998 1023 2038 aliis
1051 1999 1238 2050 Besteae,

362 2060 453 2100 aliis
474 2073 575 2101 vero
610 2062 776 2102 Pisonis
803 2067 968 2102 tantum
1001 2074 1238 2114 cognomen

360 2123 550 2164 adhaesit.
580 2125 759 2164 Familia
778 2126 962 2165 omnium
981 2125 1241 2166 nobilissima

362 2187 679 2227 Caesoninorum
696 2186 861 2238 fuit,ex
879 2187 1031 2240 quibus
1052 2189 1240 2237 Besteae,

361 2255 422 2300 et,
449 2256 497 2289 ut
532 2251 741 2303 suspicor,
777 2252 907 2303 Frugi
930 2252 1057 2291 etiam
1085 2264 1238 2304 propa-

362 2314 449 2361 gati
481 2318 595 2354 sunt.
653 2325 685 2353 1.
721 2313 771 2354 C.
806 2313 907 2353 Piso
940 2314 1101 2353 Consul
1129 2327 1240 2354 anno

360 2379 455 2416 573.
485 2375 591 2415 duos
610 2374 717 2416 filios
738 2376 899 2416 habuit.
954 2388 1007 2416 η.
1028 2378 1077 2418 L.
1097 2378 1241 2418 Caeso-

359 2438 506 2478 ninum
541 2444 586 2478 et
614 2439 668 2480 Q.
691 2439 906 2489 Pisonem,
932 2451 1108 2490 quorum
1130 2442 1242 2480 alter

362 2501 522 2540 Consul
540 2500 622 2540 fuit
652 2513 761 2540 anno
781 2505 875 2542 605.
895 2502 1004 2541 alter
1021 2505 1117 2543 618.
1174 2505 1240 2543 Ex

363 2563 649 2606 Quintomulli
667 2564 815 2603 liberi:
857 2576 910 2603 ex
939 2565 986 2605 L.
1014 2565 1240 2607 Caesonino

361 2627 446 2667 ‹luo
464 2626 540 2667 filii
567 2626 659 2666 nati
679 2632 791 2667 sunt.
844 2639 916 2668 111.
946 2628 994 2668 L.
1014 2627 1117 2669 Piso
1146 2630 1240 2670 Cae-

363 2693 537 2733 soninus
560 2694 718 2733 Consul
739 2705 848 2734 anno
874 2696 974 2734 641.
999 2698 1044 2733 et
1065 2695 1112 2735 L.
1133 2694 1237 2736 Piso

361 2756 523 2796 Bestea
542 2757 700 2797 Consul
721 2759 818 2798 642.
873 2757 955 2797 Ille
975 2764 1073 2809 post
1091 2770 1238 2799 consu-

361 2820 495 2862 latum
527 2831 622 2860 cum
659 2821 708 2860 L.
741 2819 906 2868 Cassio,
936 2822 1053 2872 cujus
1074 2823 1240 2872 legatus

363 2889 473 2934 erat,
494 2883 752 2934 aTigurinis
787 2895 924 2923 caesus
959 2890 1049 2923 est:
1092 2884 1160 2927 llic
1192 2885 1236 2925 in

360 2946 388 2986 J
395 2946 619 2997 ugni-tham
637 2945 792 2985 bellum
814 2945 968 2986 acriter
996 2957 1237 2998 aggressus,

362 3008 518 3048 multas
546 3007 671 3047 urbes
705 3007 934 3059 pugnando
969 3009 1112 3060 cepit3
1161 3010 1237 3049 sed

362 3069 489 3120 paulo
508 3074 607 3122 post
624 3070 824 3121 pecunia,
837 3074 884 3109 ut
899 3074 987 3109 tum
1008 3069 1122 3110 fama
1139 3070 1238 3123 fuit,

364 3138 593 3183 corruptus
628 3130 877 3182 flagitiosam
908 3143 1004 3171 cum
1026 3133 1147 3174 hoste
1168 3146 1239 3185 pa-

362 3206 454 3234 cem
477 3194 587 3235 iniit.
645 3205 708 3234 ιν.
739 3193 859 3234 Lucii
879 3194 1049 3241 Pisonis
1070 3207 1123 3236 ex
1154 3196 1241 3238 filio

361 3268 493 3308 nepos
521 3255 617 3297 fuit.
673 3268 715 3296 v.
745 3256 904 3297 Lucius
930 3257 1000 3297 ille
1024 3258 1128 3299 Piso
1147 3260 1240 3300 Cae-

363 3319 549 3369 soninus,
567 3319 638 3372 qui
658 3331 740 3359 una
763 3332 858 3365 cum
878 3320 1063 3365 Gabinio
1085 3322 1241 3364 Consul

364 3394 477 3422 anno
505 3386 600 3422 695.
632 3383 883 3427 Ciceronem
905 3396 930 3424 a
957 3383 1108 3425 Clodio
1133 3387 1239 3430 urbe

365 3446 470 3498 pelli
489 3458 574 3485 non
600 3457 715 3496 aegre
748 3458 895 3498 passus
915 3452 1009 3488 est:
1041 3461 1174 3500 quare
1196 3449 1239 3491 iu

367 3520 464 3550 eum
501 3509 631 3549 etiam
662 3513 763 3550 tunc
794 3513 916 3550 extat
955 3510 1129 3563 elegans
1166 3512 1241 3554 illa

1303 988 1522 1029 Ciceronis
1561 988 1732 1038 Oratio,
1769 999 1862 1040 quae
1898 987 1944 1026 in
1975 987 2178 1027 Pisonem

1302 1052 1563 1092 inscribitur.
1633 1052 1735 1103 Ejus
1765 1050 1891 1090 liberi
1923 1051 2101 1090 multum
2134 1050 2177 1088 in

1303 1116 1411 1154 urbe
1441 1120 1700 1166 potuerunt3
1729 1126 1825 1154 nam
1841 1113 1928 1153 filia
1948 1112 2180 1164 Calpurnia

1305 1179 1354 1218 C.
1376 1178 1536 1218 Caesari
1554 1179 1679 1229 paulo
1709 1183 1807 1229 post
1834 1176 2052 1217 Dictatori
2071 1188 2177 1227 nup-

1303 1243 1373 1282 sit.
1443 1242 1578 1281 Filius
1621 1253 1683 1281 vr.
1722 1242 1772 1281 L.
1802 1241 1903 1280 Piso
1935 1245 1983 1279 et
2019 1239 2179 1280 Consul

1305 1317 1415 1345 anno
1434 1308 1525 1344 739.
1545 1309 1589 1344 et
1609 1302 1834 1353 Pontifex,
1863 1308 1908 1344 ct
1933 1300 2179 1343 Praefectus

1305 1367 1421 1407 urbis
1455 1379 1534 1419 per
1570 1379 1702 1407 annos
1741 1366 1923 1418 viginti3
1968 1364 2023 1405 ad
2059 1364 2180 1416 cujus

1303 1430 1412 1470 filios
1431 1431 1638 1471 Horatius
1657 1442 1831 1470 aureum
1851 1430 1905 1470 de
1930 1427 2041 1470 Arte
2066 1428 2180 1474 Poess

1306 1495 1392 1534 tica
1429 1495 1622 1547 libellum*
1649 1493 1900 1544 inscripsit;
1945 1492 2027 1532 nisi
2058 1492 2182 1532 malis

1305 1557 1506 1598 assentiri
1537 1557 1647 1607 aliis,
1666 1557 1740 1608 qui
1770 1555 2035 1596 Praefectum
2058 1555 2179 1595 illum

1303 1619 1436 1671 urbis,
1452 1632 1535 1660 non
1555 1633 1610 1661 ex
1629 1620 1862 1670 Caesonini,
1875 1620 1951 1659 sed
1972 1631 2027 1658 ex
2049 1617 2181 1670 Frugi

1302 1681 1461 1723 familia
1479 1683 1706 1724 oriundum
1727 1685 1888 1728 volunt.
1944 1685 2006 1724 Ut
2028 1688 2076 1723 ut
2096 1687 2180 1733 est,

1302 1747 1414 1786 illius
1440 1759 1512 1786 seu
1534 1746 1644 1786 filius
1674 1759 1747 1787 seu
1764 1758 1896 1801 nepos
1924 1746 2085 1789 Consul
2099 1746 2178 1786 eti*

1304 1822 1369 1849 am
1388 1809 1472 1853 fuit
1490 1822 1600 1850 anno
1621 1814 1714 1851 809.

1356 1874 1422 1913 Ex
1443 1874 1575 1925 stirpe
1595 1875 1724 1927 Frugi
1757 1875 1913 1915 Consul
1942 1885 2050 1914 unns
2070 1885 2181 1914 anuo

1305 1941 1399 1978 620.
1421 1938 1669 1990 perhibetur
1689 1939 1738 1979 L.
1758 1938 1875 1988 Piso,
1895 1937 1967 1991 qui
1987 1943 2032 1977 et
2052 1937 2183 1988 Frugi

1306 2013 1541 2052 cognomen
1580 2014 1633 2041 ex
1673 2001 1875 2052 singulari
1913 1999 2183 2041 continentia

1305 2064 1486 2116 invenit,
1502 2070 1548 2105 et
1573 2065 1730 2105 bellum
1750 2076 1967 2105 servorum
1994 2062 2187 2108 confecit

1307 2126 1348 2165 in
1368 2127 1530 2166 Sicilia.
1584 2129 1652 2167 Ex
1674 2128 1748 2168 illa
1768 2139 1870 2167 vero
1890 2127 2097 2168 Pisonum
2116 2125 2182 2167 fa-

1306 2189 1439 2240 milia,
1463 2203 1557 2242 quae
1591 2192 1753 2231 nullum
1791 2190 1904 2232 aliud
1946 2201 2182 2242 cognomen

1307 2253 1474 2304 ascivit,
1508 2258 1631 2294 erant
1665 2258 1756 2293 tum
1791 2254 1868 2293 Cu.
1889 2253 1991 2294 Piso
2025 2253 2184 2299 Consul

1308 2328 1416 2355 anno
1449 2320 1543 2356 614.
1563 2316 1778 2367 illiusque,
1798 2321 1848 2356 ut
1866 2315 2034 2366 opinor,
2049 2326 2183 2366 nepo-

1306 2385 1374 2419 tes
1406 2379 1454 2420 C.
1475 2379 1591 2430 Piso,
1618 2379 1690 2431 qui
1718 2390 1829 2418 anno
1857 2381 1951 2420 686.
1971 2378 2109 2429 legem
2129 2376 2184 2417 de

1307 2441 1468 2481 ambitu
1484 2440 1606 2489 tulit;
1635 2444 1681 2480 et
1693 2440 1756 2480 M.
1775 2440 1939 2492 Pupius
1956 2438 2058 2480 Piso
2077 2439 2188 2481 Con-

1306 2505 1371 2543 sul
1390 2508 1484 2544 692.
1515 2510 1604 2545 tum
1626 2504 1705 2544 Cn.
1727 2496 1846 2555 Piso,
1865 2503 1937 2555 qui
1955 2503 2184 2555 Pompeia-

1305 2578 1380 2607 nas
1403 2572 1547 2618 partes
1566 2567 1608 2606 in
1629 2565 1779 2607 Africa
1811 2573 2002 2616 secutus,
2021 2566 2078 2609 ab>
2094 2566 2182 2608 Au-

1306 2623 1431 2680 gusto
1453 2636 1595 2669 tamen
1617 2630 1776 2669 Consul
1795 2641 1906 2672 anno
1925 2633 2020 2670 730.
2040 2629 2186 2674 dictus

1305 2697 1398 2732 est:
1440 2692 1561 2743 cujus
1594 2691 1717 2732 ambo
1750 2691 1826 2732 filii
1862 2693 2066 2733 Consules
2093 2692 2188 2736 fue·

1306 2761 1421 2805 runt,
1442 2754 1598 2794 Lucius
1617 2767 1727 2795 anno
1746 2758 1840 2795 752.
1869 2755 1948 2795 Cn.
1969 2755 2071 2796 Piso
2090 2759 2186 2798 746.

1305 2817 1467 2858 'riberii
1484 2817 1525 2857 in
1559 2818 1797 2859 Consulatu
1823 2817 2015 2869 Collega,
2043 2823 2090 2862 et
2107 2820 2182 2863 ali-

1309 2885 1467 2931 quanto
1487 2884 1586 2930 post
1613 2879 1750 2931 Syriae
1779 2879 1833 2920 ab
1861 2892 1911 2925 eo
1939 2881 2185 2923 Praefectus

1305 2942 1623 2993 Germanicum,
1659 2949 1709 2982 ut
1744 2943 1984 2995 perhibent,
2018 2956 2186 2988 veneno

1305 3005 1487 3047 sustulit.
1540 3005 1662 3045 Illius
1697 3011 1839 3049 tamen
1875 3005 2003 3058 filius,
2021 3013 2186 3050 mutato

1308 3068 1415 3108 Cnei
1447 3067 1616 3107 nomine
1652 3067 1695 3107 iu
1729 3067 1923 3118 Lucium,
1950 3081 2060 3111 anno
2088 3073 2186 3112 779.

1310 3136 1526 3172 assecutus
1547 3136 1612 3171 est
1633 3130 1924 3173 Consulatum.

1362 3195 1554 3234 Duorum
1572 3193 1978 3244 Pisonum,Besteae
2001 3199 2046 3236 et
2067 3195 2185 3235 Prae.

1308 3257 1411 3298 fecti
1429 3257 1561 3308 urbis,
1583 3268 1720 3296 mores
1750 3255 2073 3307 descripserunt
2092 3260 2185 3300 Sal-

1311 3321 1462 3363 lustius
1500 3327 1544 3360 et
1578 3319 1798 3369 Velleius;
1834 3320 1946 3362 alter
1980 3321 2183 3363 alterius:

1304 3385 1374 3425 ille
1394 3384 1581 3432 Restm,
1599 3382 1667 3422 hic
1686 3380 1891 3422 Praefecti
1910 3381 2045 3432 urbis;
2070 3389 2185 3426 uter-

1307 3461 1389 3501 que
1435 3447 1637 3488 breviter.
1704 3445 1892 3487 Sallustii
1927 3445 1980 3486 de
2025 3447 2186 3488 Bestea

1305 3513 1395 3555 haec
1414 3509 1547 3555 verba
1564 3513 1689 3550 sunt:
1732 3510 1744 3534 ⁴
1761 3509 1814 3553 In
1835 3508 2019 3552 Consule
2035 3517 2185 3553 nostro
