2346 3952
335 294 371 346 6
1073 308 1412 348 PRAEFATm.

333 430 590 482 manibus
614 430 833 493 habeat,
859 430 1080 499 qualem
1105 429 1384 498 quondam
1410 428 1470 480 H
1474 428 1823 496 ambergerus
1848 428 1920 482 V.
1942 428 2006 481 Θ.
2034 445 2150 483 mo-

334 514 586 579 liebatur,
613 515 695 567 uti
719 531 791 566 ex
814 514 935 583 ejus
964 514 1298 567 Praefatione
1326 514 1399 566 ad
1424 513 1587 565 Tom.
1619 528 1656 564 1.
1721 514 1837 565 Der
1872 511 2150 568 zuverl'as-

333 600 488 666 sigen
503 598 873 652 Nachrichten
888 615 996 651 von
1016 598 1122 650 den
1138 599 1517 650 vornehmsten
1533 597 1957 650 Schriftstellern
1967 598 2151 651 videre

329 687 427 734 est.
502 683 611 735 Sed
634 689 851 751 tempus
878 688 980 742 est,
1007 682 1138 750 quid
1172 683 1390 735 consilii
1417 684 1474 734 in
1499 682 1711 735 edendo
1736 682 1967 734 Valerio
1991 699 2149 735 secu-

329 770 416 818 tus
456 769 577 831 sim,
617 768 903 836 copiosius
939 783 1240 835 exponere,
1279 784 1391 835 quo
1423 767 1648 820 facilius
1686 768 1861 820 lector
1899 766 2148 820 eruditus

328 850 397 902 de
420 844 598 920 pretio
625 852 903 904 Editionis
928 868 1070 905 meae
1096 853 1276 920 possit
1290 852 1564 920 judicare.

397 935 635 988 Animus
660 953 788 1003 ergo
815 941 949 999 erat,
975 936 1141 989 talem
1166 953 1363 1004 parare
1388 936 1719 1000 Editionem,
1742 953 1867 1004 quae
1894 940 1949 989 et
1973 936 2146 989 omni-

324 1023 427 1074 bus
452 1021 716 1074 subsidiis
743 1022 815 1074 ad
840 1022 1254 1090 intelligendum
1280 1021 1565 1074 Valerium
1588 1022 1858 1074 instructa
1883 1028 2054 1086 esset,
2092 1028 2147 1075 et

324 1108 504 1159 omnia
540 1108 610 1159 ab
635 1107 1031 1175 Interpretibus
1057 1107 1207 1159 dicta
1233 1107 1552 1170 contineret,
1579 1124 1691 1176 quo
1718 1107 1891 1160 lector
1913 1106 2144 1160 inoffen-⁴

322 1209 384 1244 so
428 1191 572 1260 pede
613 1209 837 1261 pergere
879 1198 1088 1260 posset,
1138 1208 1316 1259 neque
1357 1208 1498 1260 opus
1539 1191 1781 1256 haberet,
1826 1191 2144 1246 evolvendis

320 1276 509 1329 multis
533 1277 691 1329 libris
707 1282 927 1345 tempus
952 1276 1197 1344 perdere,
1223 1277 1340 1328 sive
1365 1276 1633 1340 criticam,
1659 1277 1779 1329 sive
1805 1277 2142 1340 Historiam,

320 1362 440 1413 sive
467 1360 907 1428 Chronologiam,
947 1364 1066 1414 sive
1099 1360 1522 1430 Geographiam‚
1564 1361 1683 1414 sive
1707 1360 2139 1429 Antiquitatem,

318 1446 437 1497 sive
486 1445 724 1513 denique
767 1446 1128 1498 Latinitatem
1177 1449 1465 1514 spectaret.
1538 1446 1808 1499 Diversus
1860 1446 2004 1499 enim
2053 1450 2141 1499 est

315 1530 582 1583 lectorum
602 1547 829 1598 scopUS,
856 1531 1078 1584 diversa
1104 1531 1364 1598 cognitio,
1393 1531 1669 1584 diversum
1695 1531 1962 1583 studium.
2021 1529 2140 1584 Alii

315 1615 642 1668 brevitatem
670 1622 877 1679 amant,
913 1616 1010 1668 alii
1036 1616 1288 1683 copiam3
1327 1616 1426 1668 alii
1450 1615 1508 1666 in
1539 1614 1886 1667 facilioribus
1910 1615 2137 1680 haerent,

315 1698 440 1751 aliis
466 1700 577 1751 fere
613 1699 749 1752 nihil
773 1701 978 1767 negotii
1016 1701 1284 1766 occurrit3
1322 1700 1447 1752 aliis
1479 1700 1557 1751 nil
1580 1700 1688 1752 nisi
1714 1700 1904 1752 critice
1928 1701 2137 1767 placet,

314 1783 410 1835 alii
434 1785 600 1836 crisin
623 1802 691 1836 ne
710 1785 986 1837 tantillum
1006 1784 1233 1852 quidem
1258 1789 1570 1837 aestumant.
1644 1784 1772 1836 Hos
1795 1799 1985 1836 omnes
2009 1789 2138 1836 ante

314 1868 507 1920 oculos
531 1870 717 1931 habui,
759 1869 847 1920 his
882 1869 1065 1921 studui
1110 1869 1455 1933 satisfacere,
1495 1869 1576 1920 ita
1608 1872 1805 1933 tamen,
1846 1874 1906 1921 ut
1948 1867 2137 1937 quoad

254 1950 264 1955 ⁴
311 1951 425 2004 fieri
450 1955 648 2021 potuit,
674 1955 851 2022 prima
874 1954 966 2006 lex
984 1960 1138 2006 esset
1155 1954 1417 2007 brevitas.

384 2038 452 2089 In
492 2045 649 2091 textu
691 2039 859 2106 igitur
899 2039 1186 2092 formando
1231 2045 1457 2092 secutus
1499 2055 1622 2093 sum
1657 2039 1782 2108 jure
1823 2038 2134 2106 meritoque

310 2122 651 2187 Torrenium,
690 2125 799 2176 nisi
837 2125 934 2176 ubi
961 2125 1122 2176 codd.
1150 2125 1290 2177 Mss.
1317 2130 1415 2177 aut
1459 2125 1678 2178 critices
1715 2123 1922 2190 regulae
1963 2123 2132 2175 aliam

311 2206 633 2260 Lectionem
670 2210 982 2273 suaderent,
1021 2215 1150 2262 tunc
1195 2212 1341 2262 enim
1376 2226 1485 2262 non
1523 2209 1780 2261 dubitavi
1805 2225 1840 2262 a
1862 2207 2131 2260 Torrenio

307 2292 579 2355 recedere,
619 2294 770 2361 quod
792 2310 922 2346 vero
946 2310 1068 2345 raro
1094 2293 1306 2346 facturn
1331 2299 1435 2357 est,
1472 2294 1555 2344 uti
1578 2309 1650 2344 ex
1677 2292 2129 2345 annotationibus

307 2378 444 2428 meis
494 2382 548 2429 et
597 2379 1010 2446 comparatione
1060 2395 1187 2430 cum
1235 2382 1394 2431 textu
1431 2377 1770 2430 Torreniano
1820 2377 2129 2446 apparebit.

310 2459 590 2524 Quoniam
615 2478 746 2514 vero
771 2462 906 2526 vidi,
932 2463 1134 2531 Pighii,
1152 2463 1352 2525 Coleri,
1377 2467 1432 2514 et
1456 2462 1668 2515 Vorstii
1691 2462 2046 2515 recensiones
2070 2463 2128 2514 in

306 2545 664 2613 plurimorum
698 2548 953 2599 manibus
979 2563 1135 2613 esse3
1173 2549 1322 2600 haud
1342 2548 1533 2600 inutile
1565 2547 1679 2599 fore
1720 2547 2039 2612 arbitrabar,
2078 2549 2126 2602 si

302 2630 572 2698 potiorem
597 2632 921 2685 varietatem
940 2632 1218 2684 Lectionis
1244 2633 1435 2684 harum
1457 2631 1781 2683 Editionum
1807 2632 2123 2700 adjicerem,

306 2721 364 2767 et
391 2716 473 2767 sic
499 2716 741 2783 quodam
765 2717 932 2769 modo
959 2717 1266 2770 Historiam
1292 2722 1483 2770 textus
1509 2716 1643 2769 editi
1668 2716 2010 2769 conficerem.
2056 2718 2127 2770 In

306 2816 418 2868 quo
463 2802 512 2852 si
550 2801 738 2853 multis
777 2801 935 2869 justo
975 2801 1252 2853 liberalior
1297 2806 1353 2853 et
1390 2800 1676 2854 verbosior
1707 2799 1884 2853 fuisse
1914 2802 2122 2866 videar,

305 2888 546 2954 cogitent
570 2886 750 2949 velim,
775 2902 865 2937 me
891 2888 1090 2955 partim
1114 2887 1404 2953 abreptum
1429 2901 1552 2937 esse
1583 2886 1774 2938 saeculi
1798 2886 1969 2938 nostri
1994 2903 2123 2939 con-

303 2972 614 3034 suetudine,
654 2970 856 3038 partim
897 2970 1078 3023 studio
1118 2971 1349 3034 criseOS,
1389 2971 1539 3038 quod
1578 2987 1677 3022 nos
1725 2986 1878 3038 saepe
1917 2971 2124 3025 invitos

302 3057 518 3123 longius
558 3057 746 3108 trahit.
821 3055 945 3107 Etsi
989 3060 1172 3108 autem
1204 3060 1515 3123 opportuna
1554 3072 1616 3107 se
1652 3055 1783 3106 mihi
1824 3055 2124 3108 obtulisset

302 3141 541 3202 occasi0,
577 3145 632 3192 et
655 3141 811 3207 larga
836 3140 1067 3192 materia
1099 3139 1418 3207 disputandi
1453 3140 1521 3192 de
1559 3140 1751 3207 genesi
1775 3138 2122 3192 Variantium

303 3223 645 3289 Lectionum,
670 3229 726 3277 et
752 3227 836 3278 sic
856 3225 1018 3277 famae
1039 3241 1177 3277 meae
1204 3241 1440 3292 meoque
1465 3225 1745 3292 marsupio
1770 3224 2123 3291 consulendi,

301 3308 451 3360 nolui
477 3316 659 3361 tamen
684 3311 920 3363 lectores
945 3310 1177 3376 fatigare
1215 3315 1309 3364 aut
1336 3311 1408 3362 iis
1451 3325 1718 3362 nauseam
1755 3325 1955 3372 creare,
1993 3325 2122 3363 cum

300 3393 450 3454 mihi,
488 3394 545 3444 in
588 3394 907 3461 colligendis
932 3393 1120 3447 Variis
1164 3395 1521 3447 Lectionibus
1565 3399 1867 3461 occupatO,
1906 3397 2118 3463 saepius

298 3477 512 3528 Plinius
556 3477 610 3529 in
655 3494 816 3530 aures
866 3479 1243 3542 insusurraret,
1293 3474 1442 3546 quod
1484 3478 1609 3531 Lib.
1652 3492 1718 3529 11.
1755 3479 1843 3537 14.
1896 3479 2114 3533 scribit:
