2294 3990
968 323 1240 364 MlLl'l'lA.

1949 313 2020 367 97

308 526 457 592 QUI
493 523 852 588 VELITES,
890 522 1271 588 HASTATI,
1313 522 1769 587 PRINCIPES,
1810 523 1910 577 ΕΤ

924 636 1273 691 TRIARII.

239 763 459 804 Pumwm
484 762 721 814 ordinibus,
738 767 787 804 ut
815 774 984 814 nomen,
1005 762 1068 804 ita

186 831 294 868 aetas
329 834 377 870 et
410 840 528 868 arma
564 827 691 880 plane
722 827 896 867 diversa
927 826 1065 868 fuere.

185 891 391 934 Juniores
423 892 469 932 in
503 892 668 933 Velites
704 891 885 932 selecti:
934 897 1066 932 aetate

184 956 370 1007 proximi
390 957 433 996 in
459 955 696 997 Hastatos:
740 955 805 995 his
835 960 883 995 et
910 955 1066 996 robore

184 1026 230 1059 et
250 1020 371 1060 annis
391 1020 520 1071 paulo
537 1020 718 1072 majores
743 1018 789 1058 in
808 1018 1062 1071 Principes:

181 1089 288 1124 natu
307 1082 531 1123 maximiin
549 1082 752 1123 Triarios.
779 1082 832 1122 In
853 1081 905 1123 iis
920 1087 1066 1123 tamen

183 1146 380 1200 legendis
399 1159 483 1187 non
501 1146 644 1188 aetatis
678 1151 847 1187 tantum
865 1146 976 1187 ratio
992 1147 1065 1187 ha-

181 1209 275 1250 bita
286 1214 367 1261 est,
386 1209 462 1250 sed
473 1210 601 1251 etiam
616 1210 802 1264 generis,
819 1211 882 1251 ita
896 1216 945 1251 ut
959 1223 1065 1264 opes

181 1274 437 1325 prodessent
454 1274 615 1326 multis,
639 1279 870 1327 paupertas
889 1274 1065 1315 obesset

181 1337 368 1377 nemini:
398 1337 472 1390 qui
491 1337 602 1378 enim
610 1338 787 1390 juvenis
807 1344 853 1379 et
870 1338 1006 1390 dives,
1027 1339 1063 1379 is

182 1401 394 1442 Hastatus
419 1409 514 1443 erat
530 1416 544 1444 ε
572 1404 643 1456 qui
666 1416 845 1456 pauper,
875 1409 920 1444 at
939 1416 1064 1456 gran-

180 1465 276 1506 dior
307 1471 456 1517 aetate‚
487 1466 709 1507 Triarius.
782 1466 874 1507 Illis
909 1468 977 1506 vel
1008 1466 1063 1506 ab

180 1528 325 1580 armis,
342 1529 409 1568 vel
427 1528 480 1569 ab
499 1529 649 1569 ordine
680 1541 764 1582 quo
793 1530 1062 1582 pugnabant,

179 1604 335 1632 nomen
354 1591 519 1633 factum
540 1599 622 1634 cst.
679 1593 844 1634 Velites
864 1606 890 1634 a
912 1594 1066 1634 celeri·

179 1661 272 1695 tate
288 1656 411 1706 dicti,
426 1656 546 1709 quasi
562 1657 756 1697 volantes
776 1669 788 1695 ε
819 1657 994 1698 Hastati
1009 1658 1063 1698 ab

179 1719 338 1759 hastis:
368 1719 615 1772 Principes,
644 1721 761 1773 qnod
791 1733 818 1761 a
846 1722 1062 1774 principio

180 1785 361 1838 gladiis3
392 1785 564 1836 Triarii,
595 1785 711 1838 quod
744 1786 878 1827 tertio
906 1787 1061 1828 ordine

179 1855 320 1900 scuto,
338 1850 478 1902 hasta,
497 1855 543 1899 et
555 1862 671 1901 ense,
687 1859 778 1890 rem
796 1856 991 1903 agerent.

233 1913 352 1956 Quot
381 1919 506 1958 erant
533 1913 577 1954 in
609 1914 781 1967 legione
817 1915 1062 1968 Principes,

1135 768 1202 805 tot
1222 769 1346 806 erant
1364 769 1410 805 et
1428 765 1597 807 Velites
1618 771 1666 807 et
1694 764 1896 814 Hastati3
1923 759 2016 803 Tri-

1134 828 1212 867 arii
1227 839 1400 880 semper
1415 841 1592 870 numero
1607 830 1792 881 impares
1807 842 1820 870 ε
1848 828 2017 867 illorum

1136 891 1264 943 enim,
1282 905 1362 944 pro
1383 892 1546 933 ratione
1573 893 1774 946 legionis,
1790 891 2019 938 crescebat

1135 968 1367 1007 numerus;
1394 957 1654 998 'l'riariorum
1678 969 1764 997 non
1794 957 1918 1007 item,
1945 955 2020 1009 qui

1134 1033 1307 1072 semper
1351 1022 1563 1072 sexcenti,
1623 1034 1703 1062 nec
1746 1021 1890 1073 plures
1936 1030 2019 1060 nec

1133 1084 1381 1136 pauciores,
1427 1085 1543 1139 quod
1577 1085 1661 1125 illis
1702 1090 1793 1124 tum
1835 1083 2020 1124 Evoeati

1134 1153 1226 1188 tum
1245 1148 1491 1201 Imperator
1508 1149 1603 1202 ipse
1628 1150 1672 1190 in
1699 1149 1792 1189 acie
1813 1149 2022 1200 jungere-

1134 1215 1219 1250 tur.
1315 1213 1370 1252 In
1411 1213 1590 1265 singulis
1636 1211 1881 1252 cohortibus
1928 1219 2017 1250 tres

1132 1281 1259 1315 erant
1302 1277 1526 1328 manipuli,
1569 1287 1678 1316 unus
1716 1275 2018 1325 Hastatorum‚

1132 1340 1243 1378 alter
1263 1339 1533 1392 Principum,
1555 1339 1709 1380 tertius
1727 1338 2016 1379 Triariorum:

1133 1403 1322 1443 Velitum
1366 1416 1467 1443 vero
1513 1403 1670 1443 nullus.
1754 1402 1845 1442 Illis
1892 1401 2021 1452 enim,

1132 1467 1247 1520 quod
1267 1473 1312 1508 et
1337 1468 1536 1520 juniores
1564 1472 1713 1510 essent
1731 1473 1776 1508 et
1814 1467 1921 1506 levis
1951 1478 2018 1506 ar-

1133 1533 1461 1583 maturae,nulli
1497 1532 1708 1586 praecipui
1740 1532 1873 1572 duces
1908 1542 2020 1583 prae·

1131 1602 1286 1637 erant:
1341 1595 1420 1637 sed
1452 1596 1496 1636 in
1533 1608 1681 1636 omnes
1718 1595 2018 1644 Hastatorum,

1131 1660 1401 1712 Principum,
1419 1665 1466 1700 et
1496 1660 1762 1700 Triariorum
1780 1657 2020 1710 manipulos

1132 1736 1211 1776 pro
1228 1736 1408 1764 numero
1428 1725 1655 1777 aequaliter
1681 1724 1886 1775 dispersi,
1907 1723 2018 1762 Cen-

1130 1787 1368 1827 turionibus
1386 1788 1715 1840 manipulorum,
1730 1786 1883 1841 quibus
1894 1789 2020 1827 erant

1131 1852 1330 1905 ascripti,
1346 1851 1575 1905 parebant.

419 2092 569 2176 QUI
608 2093 938 2148 MILITES
980 2094 1215 2149 LEVIS
1254 2089 1759 2149 ARMATURAE.

233 2219 370 2259 Levis
390 2225 619 2262 armaturae
648 2221 824 2274 milites,
858 2233 955 2275 quae
986 2221 1063 2261 mi·

178 2281 306 2322 nimae
347 2281 514 2324 fiduciae
547 2298 697 2326 manus
718 2292 830 2337 erat,
877 2286 950 2326 alii
970 2287 1062 2326 aliis

176 2346 443 2398 temporibus
472 2347 608 2390 fuere.
671 2349 868 2390 Primum
887 2350 1062 2403 quidem

177 2409 439 2461 Ferentarii,
458 2412 643 2465 Rorarii,
680 2411 882 2464 Accensi,
915 2426 968 2454 eo
988 2426 1064 2454 no-

175 2472 290 2513 mine
309 2473 474 2526 adjecti
491 2475 548 2516 ad
568 2476 771 2528 Censum,
791 2483 839 2517 ut
858 2478 1061 2529 supplen-

175 2534 243 2576 dis
262 2537 502 2588 legionibus
522 2545 683 2592 praesto
702 2546 872 2581 essent:
902 2540 1061 2582 deinde

176 2599 342 2640 Velites
358 2601 400 2640 in
415 2602 638 2644 obsidione
658 2605 877 2656 Capuana,
894 2610 943 2644 ut
962 2616 1060 2645 auc-

177 2666 246 2702 tor
262 2668 332 2704 est
346 2663 562 2719 Valerius,
587 2678 614 2706 a
640 2667 694 2709 Q.
713 2667 869 2708 Naevio
897 2668 1059 2709 Centu-

1133 2222 1253 2262 rione
1272 2221 1489 2263 instituti:
1531 2221 1718 2274 denique
1746 2218 1821 2260 ubi
1850 2217 2017 2260 Latinis

1132 2285 1234 2325 data
1251 2285 1405 2326 civitas
1424 2291 1504 2337 est,
1528 2285 1574 2325 in
1606 2297 1754 2325 eorum
1785 2284 1930 2323 locum
1949 2294 2016 2322 se-

1132 2348 1238 2388 lecti
1257 2347 1563 2400 Antesignani,
1592 2348 1794 2398 Veloces,
1819 2350 1913 2386 tum
1938 2345 2015 2384 Sa-

1132 2411 1294 2463 gittarii
1331 2418 1376 2452 et
1411 2412 1696 2452 Funditores:
1732 2411 1888 2450 'eorum
1919 2407 2017 2460 fuit,

1131 2487 1226 2516 cum
1248 2481 1294 2516 et
1314 2488 1442 2517 cursu
1462 2477 1579 2516 leves
1598 2479 1757 2526 essent,
1786 2485 1868 2514 nec
1887 2471 2016 2512 armis

1129 2541 1344 2595 impediti,
1372 2547 1475 2582 ante
1509 2552 1790 2594 congressum
1812 2538 1924 2589 telis,
1955 2538 2016 2576 la-

1130 2605 1319 2658 pidibus,
1336 2605 1505 2658 sagittis
1532 2617 1687 2658 pugnae
1705 2601 1962 2657 praeludere.

608 2839 755 2906 QUI
803 2842 1169 2898 FUERINT
1208 2839 1582 2898 EVOCATI.

234 2963 301 3004 Aa·
312 2965 469 3007 ceteris
483 2967 706 3022 militibus,
734 2983 828 3011 cum
844 2971 1061 3024 dignitate

178 3032 270 3069 tum
288 3027 556 3083 fortitudine,
572 3032 700 3085 longe
719 3035 984 3086 praestabant
1002 3036 1058 3076 E-

176 3091 332 3132 vocati.
378 3092 507 3133 Miles
527 3099 624 3134 erat
640 3100 852 3147 spectatae
873 3097 1058 3150 virtutis,

176 3165 305 3195 mauu
337 3160 553 3208 strenuus,
588 3166 635 3198 et
670 3160 836 3210 peritus
873 3162 1056 3214 militiae,

178 3219 252 3272 qui
269 3219 460 3261 emeritis
495 3221 740 3275 stipendiis,
770 3235 794 3263 e
822 3223 1007 3276 civibus,
1032 3238 1057 3266 e

175 3282 322 3335 sociis,
352 3296 408 3324 ex
449 3285 615 3336 pedite,
658 3298 712 3326 ex
747 3288 894 3340 equite
930 3289 1058 3330 modo

178 3345 331 3398 literis,
380 3346 510 3388 modo
563 3350 780 3400 precibus,
839 3352 1058 3393 interdum

178 3408 309 3449 etiam
340 3411 500 3451 nuntiis
519 3411 573 3452 ab
594 3412 864 3464 Imperatore
885 3415 938 3455 ad
970 3416 1060 3456 bel·

183 3473 272 3511 lum
307 3473 580 3515 evocabatur.
650 3476 792 3517 Multa
829 3478 928 3531 illis,
963 3492 1058 3532 quae

183 3535 279 3575 aliis
298 3539 466 3586 negata,
487 3537 589 3588 jura
607 3538 752 3580 delata
772 3546 888 3594 sunt,
919 3547 967 3584 et
984 3543 1058 3581 ho-

298 3601 444 3655 Delph.
456 3608 496 3644 et
515 3604 611 3647 Var,
629 3605 737 3647 Clas.

1129 2972 1245 3013 noris
1262 2984 1368 3023 ergo
1388 2977 1434 3011 et
1468 2971 1677 3022 virtutis;
1712 2983 1793 3011 nec
1823 2968 1867 3010 in
1886 2969 2017 3022 legio-

1127 3049 1220 3086 nes,
1239 3048 1321 3076 nec
1349 3036 1393 3075 in
1414 3036 1631 3085 cohortes,
1649 3036 1731 3076 nisi
1751 3035 1836 3075 illis
1857 3045 2013 3086 praees-

1127 3106 1238 3151 sent,
1259 3101 1439 3150 ascribi;
1468 3100 1595 3140 nullis
1606 3099 1800 3149 ducibus,
1819 3098 1908 3138 sive
1919 3096 2018 3136 Tri-

1126 3164 1252 3205 bunis
1290 3165 1382 3204 sive
1423 3163 1774 3216 Centurionibus,
1809 3160 2014 3208 subesse;

1125 3226 1202 3267 sed
1239 3227 1312 3267 uni
1340 3225 1593 3267 Praefecto:
1637 3225 1691 3264 ab
1720 3222 1931 3271 excubiis,
1957 3221 2012 3261 ab

1125 3291 1347 3342 operibus,
1389 3295 1478 3330 tum
1506 3290 1605 3329 valli
1639 3295 1729 3327 tum
1762 3290 2013 3336 castrorum,

1126 3354 1335 3393 immunes
1356 3365 1475 3402 esse3
1519 3357 1564 3392 et
1590 3352 1631 3390 in
1663 3350 1817 3390 castris
1838 3360 2012 3388 manere

1128 3424 1309 3469 propter
1345 3416 1614 3469 praetorium,
1650 3418 1695 3453 et
1728 3414 1772 3452 in
1802 3413 1894 3453 acie
1927 3425 2012 3452 una

1128 3492 1224 3520 cum
1245 3481 1513 3534 Imperatore
1534 3479 1647 3518 inter
1677 3478 1863 3517 Triarius
1888 3476 2011 3516 dimi-

1128 3556 1245 3583 care.

995 3608 1083 3649 Val.
1100 3610 1221 3650 Max.
1860 3607 1901 3647 G
