2294 3990
856 311 1298 352 DlVlSlONIBUS.
1366 347 1367 350 ,

170 437 244 493 qni
263 449 349 478 una
368 447 465 476 cum
482 432 661 476 Romulo
681 432 828 473 urbem
846 431 1049 472 condide-

170 507 297 551 rant3
337 500 380 540 in
414 499 602 540 secunda
633 495 804 545 Sabini3
838 495 880 534 in
919 495 1051 534 tertia

170 564 360 613 Etrusci,
389 562 622 611 Ardeates,
652 560 810 609 Latini,
831 565 876 598 et
905 557 1049 609 perfu-

170 639 238 680 gae
275 639 436 679 omneS,
463 627 536 680 qui
569 624 623 665 ad
655 623 816 675 asylum
849 620 1050 674 confuge-

171 695 279 732 rant.

222 765 291 795 lv.
320 754 558 795 Crescente
576 750 733 790 civium
761 747 1054 799 multitudine,

169 817 307 859 crevit
326 817 455 857 etiam
475 816 663 856 tribuum
688 823 915 853 numerus:
944 811 1052 850 Tar-

169 881 339 934 quinius
359 880 534 921 Priscus
554 883 642 918 tres
672 875 887 915 addidisse
902 873 1054 925 fertur,

171 955 278 996 quas
297 954 351 983 ex
372 948 563 982 veterum
580 938 819 980 nominibus
829 936 1050 977 Secundos

173 1007 454 1055 Ramnenses,
464 1006 700 1052 Tatienses‚
714 1009 755 1042 et
769 1003 954 1041 Luceres
975 1013 1050 1053 ap-

172 1069 330 1122 pellari
359 1068 516 1108 voluit:
547 1067 716 1107 Servius
746 1077 846 1104 vero
874 1065 1051 1112 Tullius,

170 1139 220 1174 ut
260 1133 409 1173 urbem
452 1144 684 1184 agrumque
729 1131 965 1169 Romanum
1010 1129 1051 1168 in

170 1202 318 1248 partes
338 1195 647 1245 novemdecim,
665 1194 725 1233 ita
744 1193 949 1244 populum
965 1204 1051 1231 om-

170 1270 267 1299 nem
312 1259 353 1298 in
395 1258 575 1298 totidem
623 1258 761 1297 tribus
796 1256 1050 1306 descripsit3

176 1327 359 1374 quatuor
377 1321 592 1371 Urbanas,
614 1333 708 1372 quae
738 1321 910 1369 urbem3
940 1319 1051 1359 Rus-

173 1386 284 1426 ticas
315 1385 578 1438 quindecim,
610 1397 705 1435 quae
736 1395 860 1435 agros
891 1383 1050 1422 incole-

173 1452 298 1488 rent:
327 1449 418 1486 haec
435 1447 547 1487 enim
579 1449 718 1486 verior
734 1453 800 1485 est
818 1445 1052 1495 sententia,

172 1511 210 1552 si
240 1511 414 1564 Sigonio
448 1511 679 1561 credimus,
711 1509 901 1562 quamvis
929 1509 1053 1548 aliter

171 1574 273 1615 olim
305 1573 461 1615 Catoni
493 1579 538 1614 et
567 1573 779 1625 Dionysio
812 1573 946 1612 visum
967 1578 1049 1612 est.

170 1638 386 1679 Tribubus
418 1638 610 1691 singulis,
644 1639 709 1678 vel
740 1650 765 1677 a
791 1637 912 1688 locis,
940 1637 1052 1676 vela

174 1702 371 1755 collibus,
399 1716 502 1755 quos
530 1702 789 1752 incolebant,
817 1714 968 1740 nomen
989 1701 1050 1739 in-

172 1765 326 1807 ditum.
358 1765 544 1806 Rusticoe
562 1771 704 1806 tamen
720 1765 936 1817 aliquanto
955 1771 1052 1817 post

172 1828 378 1870 nobilium
399 1830 480 1871 sibi
499 1829 754 1870 familiarum
783 1831 954 1869 nomina
980 1830 1052 1869 ad-

171 1892 407 1934 sciverunt.
461 1892 572 1934 Aliae
609 1893 816 1945 deinceps
853 1894 990 1933 tribus
1028 1907 1053 1934 a

172 1955 431 1997 Censoribus
450 1957 628 2007 additae,
654 1969 884 2009 earumque
905 1970 1051 1997 nume-

172 2031 244 2060 rus
277 2021 414 2060 crevit
443 2020 496 2060 ad
529 2024 595 2060 35.
630 2033 726 2073 quae
767 2020 821 2060 ad
859 2028 1053 2061 extrema

171 2094 307 2135 usque
331 2083 602 2134 Reipublicae
632 2090 828 2135 tempora
845 2085 1052 2124 mansisse

171 2139 494 2196 perhibentur(
523 2158 568 2186 v.
602 2146 816 2187 Tribubus
862 2148 1052 2188 Urbanis

169 2206 301 2247 iidem
345 2219 516 2260 semper
547 2210 717 2249 termini
757 2208 950 2261 fuerunt,
980 2211 1053 2263 qui

174 2269 296 2320 urbi3
346 2263 535 2311 Rusticis
565 2283 666 2311 vero
696 2284 779 2311 non
817 2272 945 2312 iidem
979 2273 1052 2325 qui

171 2331 311 2384 agris:
340 2339 544 2374 nascente
571 2334 684 2374 enim
705 2341 749 2375 et
766 2333 948 2375 florente
967 2337 1051 2376 Re-

477 2498 585 2550 DE
622 2497 1051 2553 CLASSIBUS

228 2645 262 2674 1.
290 2635 360 2676 U'r
379 2635 478 2675 belli
498 2636 703 2688 pacisque
723 2639 865 2677 munia
886 2651 970 2678 non
993 2639 1051 2677 vi-

172 2697 306 2749 ritim,
339 2698 452 2739 sicut
482 2707 597 2748 ante,
616 2701 690 2740 sed
713 2713 792 2752 pro
811 2702 955 2741 habitu
978 2715 1051 2754 pe-

175 2763 398 2802 cuniarum
426 2762 582 2803 fierent
594 2764 726 2816 jussit
753 2765 926 2806 Servius
954 2766 1052 2805 Tul-

171 2823 253 2864 lius
278 2836 390 2865 anno
409 2826 538 2866 Urbis
558 2831 652 2868 186.
669 2828 770 2868 dum
796 2841 968 2870 censum
990 2832 1053 2869 in·

172 2887 332 2937 stituit,
367 2894 412 2928 et
446 2891 648 2941 populum
687 2904 855 2931 omnem
897 2893 940 2932 in
976 2905 1051 2932 sex

173 2948 361 3002 Classes,
387 2953 644 3006 Classesque
671 2956 860 3007 singulas
885 2957 927 2995 in
948 2957 1053 2995 mul-

175 3017 240 3051 tas
260 3013 485 3054 Centurias
505 3017 736 3058 distribuit.
775 3020 861 3061 Qui
880 3027 1052 3060 centum

171 3076 353 3117 millium
385 3079 497 3129 aeris‚
527 3086 603 3121 aut
638 3083 838 3133 majorem
877 3095 1052 3124 censum

173 3138 397 3191 haberent,
431 3142 474 3182 in
502 3144 640 3195 prima
671 3144 818 3184 Classe
845 3145 1051 3198 descripti

173 3208 299 3252 sunt3
345 3205 417 3258 qui
453 3208 732 3260 septuaginta
768 3209 965 3260 millium,
1008 3210 1050 3249 iu

175 3267 388 3319 secunda3
416 3269 487 3321 qui
522 3271 828 3323 quinquaginta
857 3273 1051 3324 millium,

176 3327 220 3368 in
238 3331 394 3381 tertia3
423 3334 494 3385 qui
515 3334 701 3386 quinque
722 3340 766 3375 et
788 3335 940 3386 viginti
960 3337 1051 3375 mil-

177 3391 293 3444 lium,
328 3394 372 3434 in
410 3403 588 3448 quarta3
629 3399 701 3450 qui
732 3399 931 3438 undecim
960 3400 1052 3438 mil-

173 3455 293 3506 lium,
326 3457 368 3497 in
399 3462 571 3512 quinta3
601 3462 682 3501 hoc
714 3463 920 3503 minorem
953 3477 1054 3504 cen-

176 3529 266 3558 sum
296 3526 432 3562 sextas
465 3523 622 3563 Classis
661 3537 755 3565 esse
792 3527 955 3567 voluit:
986 3529 1053 3568 hic

1926 295 1996 346 77

1116 432 1288 483 publica
1308 441 1452 470 earum
1483 427 1670 468 tribuum
1699 427 1825 478 longe
1850 425 1998 478 dispar

1114 495 1194 534 fuit
1213 507 1288 534 seu
1305 492 1494 541 fortuna,
1509 503 1585 531 seu
1603 491 1751 543 gloria.
1806 490 1996 530 Urbanae

1117 558 1289 611 quidem
1310 557 1432 596 initio
1448 557 1608 607 primas
1628 554 1834 604 tulerunt,
1859 553 1999 605 iisque

1118 621 1326 659 maximus
1359 619 1531 659 habitus
1562 618 1725 665 honos;
1762 623 1806 656 at
1838 616 1913 656 ubi
1942 618 1998 660 Q.

1119 684 1273 724 Fabius
1316 682 1533 723 forensem
1569 681 1753 731 turbam,
1793 692 1878 732 qua
1914 678 2000 732 Ap.

1121 746 1322 786 Claudius
1358 746 1498 785 forum
1535 755 1818 796 campumque
1855 755 1999 783 corru-

1121 817 1262 861 perat,
1299 809 1342 848 in
1390 815 1574 861 quatuor
1619 807 1759 848 tribus
1800 806 1999 847 Urbanas

1121 886 1231 914 anno
1250 873 1384 913 Urbis
1403 877 1498 913 449.
1515 873 1728 925 conjecit:
1758 876 1850 922 tum
1865 872 1999 911 tribu-

1123 937 1200 976 bus
1233 936 1420 976 Urbanis
1458 936 1629 986 ascribi,
1665 934 1852 987 probro;
1888 934 2002 978 inter

1122 1001 1319 1040 Rusticas
1365 1000 1533 1039 censeri
1570 1000 1683 1038 laudi
1720 999 1868 1039 datum
1905 1004 1999 1039 est:

1121 1076 1201 1103 nec
1230 1063 1340 1103 enim
1371 1063 1575 1114 deinceps
1610 1064 1746 1103 tribus
1778 1069 1853 1103 aut
1881 1062 2001 1103 urbis

1122 1136 1195 1167 aut
1213 1128 1321 1179 agri,
1339 1127 1415 1166 sed
1445 1127 1636 1167 civitatis
1663 1137 1807 1180 partes
1838 1127 1999 1167 habitae

1120 1196 1234 1230 sunt.

1172 1266 1236 1293 vt.
1268 1255 1328 1293 Ut
1344 1254 1562 1304 Tribuum,
1579 1254 1636 1293 ita
1655 1253 1893 1299 Curiarum,
1921 1254 2002 1294 sic-

1119 1323 1167 1356 ut
1195 1318 1395 1369 diximus,
1422 1322 1574 1357 auctor
1602 1319 1805 1357 Romulus
1825 1317 2001 1357 extitit:

1118 1382 1226 1422 urbe
1255 1381 1366 1420 enim
1397 1381 1439 1420 in
1472 1382 1647 1433 triginta
1676 1388 1821 1432 partes
1851 1383 2002 1434 divisa,

1122 1447 1288 1497 singula
1306 1445 1483 1497 singulis
1505 1445 1644 1484 Curiis
1664 1444 1878 1484 attribuit.
1922 1446 2005 1486 Cu·

1122 1509 1228 1549 riam
1250 1510 1363 1549 inter
1383 1514 1428 1548 et
1445 1508 1623 1548 Tribum
1639 1520 1736 1548 cum
1757 1509 1894 1548 multa
1913 1507 2002 1549 fue—

1119 1579 1220 1613 runt
1249 1573 1509 1623 discrimina,
1540 1577 1630 1611 tum
1659 1572 1753 1611 liaec
1783 1571 1867 1611 tria
1886 1584 2004 1611 max-

1119 1637 1202 1677 ime
1221 1651 1230 1676 :
1261 1649 1406 1688 unum,
1423 1635 1538 1689 quod
1551 1635 1755 1675 Tribuum
1775 1647 1892 1687 saepe
1912 1647 2004 1675 cre-

1109 1702 1235 1743 .verit
1255 1713 1483 1750 numerus3
1513 1700 1735 1740 Curiarum
1765 1712 1852 1738 non
1870 1701 1996 1741 item:

1121 1764 1452 1818 alterum,quod
1483 1763 1621 1804 tribus
1651 1769 1742 1803 tum
1773 1763 1825 1803 ad
1852 1764 2003 1804 urbem

1120 1835 1211 1869 tum
1232 1829 1283 1868 ad
1304 1840 1455 1880 agros;
1485 1827 1629 1868 Curiae
1650 1839 1752 1867 vero
1772 1827 1826 1867 ad
1854 1826 2004 1868 urbem

1119 1898 1285 1933 tantum
1318 1892 1600 1943 pertinerent.
1654 1891 1851 1931 Tertium
1884 1891 2006 1931 deni-

1121 1969 1219 2009 que,
1259 1957 1372 2009 quod
1408 1956 1566 1995 Tribus
1604 1956 1847 1996 communia
1882 1967 2006 1996 sacra

1119 2019 1346 2066 haberent,
1386 2020 1526 2060 Curiae
1561 2032 1664 2059 vero
1699 2018 1780 2059 sibi
1816 2020 2005 2072 propria,

1119 2083 1275 2135 quibus
1305 2084 1399 2123 aliae
1434 2084 1487 2123 ab
1518 2085 1612 2123 aliis
1642 2084 2005 2124 discernerentur.

1121 2145 1246 2185 Unde
1286 2147 1383 2198 lege
1422 2152 1592 2186 cautum
1629 2146 1726 2197 fuit,
1757 2153 1804 2187 ut
1845 2147 1917 2199 qui
1959 2147 2003 2187 in

1120 2210 1250 2250 Curia
1282 2210 1470 2249 describi
1503 2211 1653 2259 vellet,
1682 2210 1717 2249 is
1749 2215 1794 2249 et
1811 2216 2005 2250 maneret

1121 2274 1164 2313 in
1186 2275 1307 2323 urbe,
1327 2279 1372 2313 et
1388 2285 1510 2313 sacra
1531 2274 1642 2313 illius
1670 2274 1812 2314 Curiae
1831 2275 1918 2313 suis
1938 2286 2003 2314 re·

1119 2337 1234 2377 lictis
1254 2337 1509 2390 susciperet.
1619 2332 1621 2334 ’

1093 2499 1192 2552 ΕΤ
1231 2499 1691 2555 CENTURIIS.

1120 2639 1289 2692 quidem
1334 2641 1542 2681 classium
1580 2653 1783 2682 numerus
1820 2642 1919 2693 suit,
1958 2650 2004 2684 at

1121 2703 1416 2743 Centuriarum
1457 2707 1591 2745 multo
1625 2706 1764 2758 major
1796 2713 1842 2747 et
1877 2708 2003 2759 lunge

1120 2766 1269 2818 dispar
1293 2768 1418 2808 ratio.

1176 2843 1227 2871 11.
1259 2831 1310 2870 In
1358 2833 1536 2884 singulis
1585 2833 1755 2886 quidem
1795 2835 2002 2874 classibus

1122 2895 1265 2933 multae
1301 2894 1521 2935 Centuriae
1543 2897 1792 2936 constitutae
1814 2896 2004 2948 fuerunt,

1122 2958 1196 2997 sed
1228 2969 1306 3009 pro
1335 2969 1510 2998 numero
1542 2959 1716 3010 civium,
1746 2962 1815 2999 vel
1845 2961 2002 3011 plures,

1122 3021 1191 3060 vel
1223 3021 1469 3073 pauciores:
1504 3022 1546 3061 iu
1577 3023 1713 3074 prima
1741 3027 1805 3062 80.
1842 3024 2000 3062 Centu-

1119 3086 1212 3136 riae,
1239 3086 1282 3125 in
1310 3087 1500 3127 secunda
1532 3091 1601 3127 20.
1635 3087 1817 3127 totidem
1849 3093 1938 3126 tum
1958 3087 2001 3126 in

1121 3151 1250 3190 tertia
1298 3156 1386 3191 tum
1427 3152 1479 3194 ,in
1526 3156 1707 3203 quarta3
1763 3151 1807 3189 in
1851 3151 2001 3202 quinta

1120 3225 1221 3253 vero
1241 3217 1307 3255 30.
1335 3215 1470 3254 Sexta
1497 3227 1616 3265 vero,
1639 3227 1733 3267 quae
1761 3214 2001 3253 tenuiorum

1119 3275 1217 3327 fuit,
1251 3278 1402 3318 habuit
1430 3279 1636 3330 reliquam
1666 3275 2002 3318 multitudinem.

1119 3341 1292 3381 Deinde
1330 3348 1510 3394 quatuor
1555 3339 1772 3380 Centuriae
1819 3340 1999 3393 additae,

1120 3409 1211 3443 tum
1255 3405 1457 3457 opificum
1500 3410 1591 3443 tum
1630 3403 1867 3454 tibicinum,
1903 3417 1998 3456 quae

1121 3467 1305 3506 inermes
1353 3474 1495 3505 castra
1533 3472 1836 3517 sequerentur:
1881 3479 2000 3506 arma

1122 3529 1235 3569 enim
1257 3529 1456 3569 omnibus
1486 3529 1712 3580 imperata,
1741 3530 1822 3570 alia
1854 3536 1997 3570 tamen
