2294 3990
670 336 705 372 G
718 334 858 373 ENTI
871 334 983 372 BUS
1030 334 1100 371 ΕΤ
1142 332 1442 372 FAMILIIS.

143 456 347 496 banorum
368 454 518 493 virtus.
549 453 752 495 Quaenam
772 451 903 492 fuerit
923 453 1024 491 utri·

144 531 279 571 usque
312 518 477 557 indoles
511 529 565 556 ex
606 517 810 557 Cornelio
848 516 1022 567 Nepote

143 581 310 632 accipe.

197 644 467 685 Alcibiades:
510 645 523 667 ‘
543 645 594 684 In
627 644 707 684 hoc
738 648 892 682 natura
919 641 1022 693 quid

141 706 312 748 efficere
333 708 468 759 possit
489 707 658 746 videtur
686 712 893 758 experta:
924 717 1022 745 con-

140 777 228 811 stat
249 772 363 811 enim
385 772 499 810 inter
517 782 665 810 omnes
687 770 874 809 11111111110
893 767 1022 808 fuisse

141 834 442 879 excellentius,
461 834 529 872 vel
562 833 604 872 in
632 832 766 882 vitiis,
787 832 854 871 vel
875 831 917 870 in
938 831 1024 870 vir-

140 897 316 937 tutibus.
372 897 484 936 Nam
503 896 543 935 in
565 895 826 947 amplissima
845 894 1023 934 civitate

141 971 306 1001 summo
336 971 494 1011 genere
512 964 656 1008 natus,
676 958 861 998 omnium
882 959 1024 998 aetatis

142 1034 230 1062 suae
250 1022 384 1061 multo
417 1020 768 1071 formosissimus,
794 1021 846 1059 ad
879 1032 1024 1060 omnes

142 1095 212 1124 res
231 1089 374 1136 aptus,
395 1083 650 1134 consiliique
672 1084 838 1134 plenus.
893 1084 1023 1124 Nam-

139 1159 224 1200 qne
255 1146 489 1199 imperator
521 1145 604 1187 fuit
636 1159 822 1187 summus
854 1148 960 1187 mari
981 1153 1025 1188 et

138 1217 283 1253 terra:
315 1213 516 1263 disertus,
535 1213 646 1253 utin
677 1214 822 1265 primis
842 1214 1022 1254 dicendo

137 1275 318 1316 valeret.
374 1276 432 1315 Et
453 1281 572 1316 tanta
593 1282 687 1316 erat
705 1277 1021 1317 commendatio

141 1340 227 1380 oris
256 1346 387 1392 alque
417 1340 638 1390 orationis,
660 1346 708 1380 ut
727 1353 851 1380 nemo
882 1341 921 1380 ei
959 1341 1020 1380 di-²

136 1401 280 1442 cendo
307 1408 451 1454 posset
467 1403 689 1442 resistere.
747 1403 889 1452 Idem,
923 1415 1021 1442 cum

140 1470 307 1516 tempus
328 1471 541 1517 posceret,
560 1465 806 1511 laboriosus,
838 1467 1022 1517 patiens,

138 1527 343 1579 liberalis,
380 1528 644 1579 splendidus,
686 1540 771 1568 non
804 1530 944 1569 minus
975 1530 1019 1569 in

137 1591 228 1631 vita
251 1604 378 1644 quam
402 1592 548 1632 victu:
592 1590 790 1643 affabilis,
820 1592 1020 1644 blandus,

138 1655 404 1706 temporibus
447 1655 721 1696 callidissime
765 1657 1020 1697 inserviens.

138 1718 278 1770 Idem,
293 1720 416 1759 simul
434 1733 483 1759 ac
499 1732 544 1759 se
562 1721 803 1770 remiserat,
820 1732 902 1760 nec
919 1733 1018 1760 cau-

137 1794 185 1822 sa
204 1782 392 1834 suberat,
412 1785 543 1836 quare
556 1783 683 1823 animi
700 1784 889 1824 laborem
908 1797 1018 1835 prae-

135 1844 288 1897 ferret,
321 1847 577 1898 luxuriosus,
607 1846 856 1897 dissolutus,
876 1846 1018 1887 libidi-

134 1922 278 1960 nosus,
295 1909 587 1962 intemperans
614 1912 942 1964 reperiebatur;
969 1919 1018 1953 ut

135 1984 286 2014 omnes
319 1972 631 2014 admirarentur
655 1976 699 2014 in
728 1987 812 2014 uno
848 1976 1019 2016 homine

134 2043 299 2079 tantam
316 2039 453 2080 inesse
488 2040 891 2093 dissimilitudinem,
913 2047 1020 2082 tam-

137 2113 220 2154 que
239 2102 452 2143 diversam
472 2103 695 2144 naturam.'

189 2165 531 2218 Epaminondas:
588 2169 601 2190 ‘
621 2169 730 2208 Erat
779 2167 1017 2222 modestus,

135 2230 339 2283 prudens,
361 2231 519 2283 gravis,
545 2231 810 2283 temporibus
849 2233 1018 2284 sapien-

135 2301 206 2335 ter
222 2298 364 2346 utens,
393 2296 560 2347 peritus
594 2295 712 2345 belli,
731 2294 855 2335 fortis
874 2306 1018 2348 manu,

134 2359 278 2400 animo
304 2360 516 2401 maximo:
557 2361 665 2400 adeo
696 2362 890 2401 veritatis
924 2362 1018 2401 dili-

133 2424 261 2474 gens;
291 2429 354 2473 ut,
369 2436 422 2463 ne
435 2424 538 2475 joco
555 2425 727 2476 quidem
749 2425 1015 2467 mentiretur.

131 2486 254 2526 Idem
275 2488 516 2538 continens,
533 2489 738 2540 clemens,
757 2490 1015 2542 patiensque

132 2549 430 2590 admirandum
458 2552 503 2590 in
533 2551 732 2592 modum:
775 2564 860 2592 non
880 2553 1013 2592 solum

132 2615 297 2666 populi,
327 2615 402 2655 sed
444 2615 574 2655 etiam
608 2616 837 2656 amicorum
871 2616 1014 2657 ferens

129 2675 335 2728 injurias:
374 2677 655 2730 inprimisque
685 2680 913 2719 commissa
943 2693 1012 2720 ce-

130 2739 249 2790 lans;
281 2739 393 2792 qnod
415 2740 630 2781 interdum
652 2754 737 2781 non
759 2743 894 2782 minus
915 2756 1013 2796 pro-

130 2803 244 2855 dest,
271 2816 396 2857 quarn
414 2805 574 2846 diserte
594 2806 770 2848 dicere.’

182 2867 424 2919 Supersunt
463 2869 687 2921 Philippus
731 2871 918 2911 Macedo
962 2876 1008 2912 et

129 2929 379 2971 Alexander
397 2932 580 2985 Magnus
599 2946 610 2982 ;
639 2946 817 2986 quorum
834 2936 905 2975 ille
924 2948 1010 2975 am-

127 2991 321 3045 plificato
378 2994 664 3036 Macedonum
735 3010 883 3050 regno,
939 2999 1010 3039 hic

127 3066 280 3096 everso
301 3056 530 3098 Persarum
543 3059 719 3110 imperio
734 3061 1008 3102 clarissimus.

125 3119 319 3161 Justinus
358 3127 578 3161 enumerat
609 3123 791 3163 virtutes
826 3130 872 3164 et
905 3125 1008 3165 vitia

124 3182 377 3236 utriusque:
407 3185 594 3226 Quintus
626 3186 797 3226 Curtius
817 3187 1008 3228 Alexan·

123 3244 204 3284 dri.
258 3246 448 3286 Primum
481 3248 643 3289 Justini
682 3250 813 3290 verba
850 3252 1002 3304 appin-

121 3319 294 3361 gemus3
323 3309 478 3350 deinde
499 3312 649 3353 Quinti
670 3313 822 3354 Curtii.

178 3371 288 3411 Haec
306 3372 439 3412 habet
466 3373 661 3414 ,Iustinus
681 3388 747 3416 1x.
768 3380 808 3416 8.
863 3378 875 3399 ‘
898 3378 1000 3419 Fuit

123 3434 218 3474 Rex
247 3431 512 3487 (Philippus)
529 3449 738 3477 armorum
754 3451 878 3491 quam
898 3453 999 3480 con-

122 3495 327 3536 viviorum
347 3499 626 3549 apparatibus
645 3501 870 3542 studiosior
890 3517 900 3542 :
930 3504 999 3544 cni

121 3558 317 3605 maximae
338 3571 440 3612 opes
460 3567 584 3603 erant
602 3562 887 3606 instrumenta
907 3566 996 3607 bel-

1898 320 1969 371 75

1085 454 1235 492 10111111.
1309 449 1590 500 Divitiarnm,
1630 453 1795 502 quaestu
1842 462 1967 502 quam

1085 516 1279 556 custodia
1295 515 1520 555 solertior:
1550 514 1698 566 itaque
1730 514 1844 553 inter
1865 526 1967 565 quo-

1086 580 1266 619 tidianas
1299 579 1470 630 rapinas
1506 578 1824 627 semperinops
1861 581 1970 616 erat.

1086 643 1388 683 Misericordia
1418 642 1459 681 in
1497 653 1548 680 eo
1576 646 1622 679 et
1656 638 1839 691 perfidia
1874 639 1968 690 pari

1076 705 1175 756 jure
1198 705 1384 745 dilectae.
1439 705 1574 745 Nulla
1603 703 1718 754 apud
1749 715 1845 742 eum
1880 708 1968 742 tur-

1086 769 1150 820 pis
1171 769 1280 808 ratio
1307 767 1523 808 vincendi.
1579 766 1770 807 Blandus
1803 765 1971 818 pariter

1085 837 1131 871 et
1147 831 1376 870 insidiosus
1396 830 1608 883 alloquio;
1638 829 1708 882 qui
1726 829 1852 881 plura
1871 840 1969 879 pro-

1085 894 1280 933 mitteret
1300 905 1425 944 quam
1448 898 1699 945 praestaret:
1731 893 1774 931 in
1794 893 1906 932 seria
1924 898 1970 931 et

1079 957 1204 1008 jocos
1224 955 1397 996 artifex.
1437 955 1664 996 Amicitias
1683 956 1872 996 utilitate
1883 968 1969 995 non

1084 1020 1170 1060 fide
1190 1019 1379 1059 colebat.
1407 1018 1606 1059 Gratiam
1621 1019 1784 1071 fingere
1795 1019 1837 1058 in
1852 1018 1969 1069 odio,

1083 1084 1298 1123 instruere
1338 1083 1451 1122 iuter
1495 1083 1811 1123 concordantes
1853 1082 1968 1133 odia,

1085 1147 1199 1199 apud
1222 1152 1448 1198 utrumque
1476 1146 1658 1197 gratiam
1678 1158 1873 1198 quaerere
1901 1158 1969 1185 so-

1084 1211 1222 1250 lennis
1266 1211 1329 1250 illi
1378 1209 1662 1250 consuetudo.
1728 1210 1851 1249 Inter
1877 1209 1970 1250 haec

1083 1273 1331 1326 eloquentia
1348 1279 1393 1313 et
1411 1273 1588 1325 insignis
1601 1273 1739 1312 oratio
1759 1272 1969 1312 acuminis

1084 1343 1130 1376 et
1147 1337 1333 1376 solertiae
1367 1337 1522 1388 plena3
1550 1341 1598 1375 ut
1617 1348 1697 1375 nec
1718 1336 1887 1376 ornatui
1908 1334 1971 1376 fa-

1082 1400 1239 1450 01111115,
1259 1412 1339 1439 nec
1357 1399 1561 1439 facilitati
1581 1400 1875 1439 inventionum
1894 1399 1971 1439 de·

1083 1470 1197 1504 esset
1228 1469 1420 1503 ornatus.
1481 1463 1612 1515 Huic,
1642 1462 1892 1504 Alexander
1917 1463 1967 1505 fi-

1082 1528 1162 1567 lius
1183 1527 1407 1580 successit,
1424 1532 1470 1567 et
1487 1527 1644 1568 virtute
1676 1534 1722 1567 et
1756 1527 1874 1568 vitiis
1893 1540 1971 1580 pa-

1083 1598 1148 1631 tre
1194 1591 1346 1643 major.
1415 1591 1572 1644 Itaque
1613 1591 1814 1631 vincendi
1859 1592 1969 1632 ratio

1083 1655 1254 1707 utrique
1274 1655 1474 1705 diversa;
1515 1656 1583 1695 11ἰο
1613 1662 1781 1709 aperte,
1801 1656 1876 1696 1110
1904 1668 1969 1696 ar-

1083 1719 1196 1758 tibus
1228 1719 1344 1759 bella
1373 1719 1620 1760 tractabat:
1665 1719 1863 1772 deceptis
1894 1720 1968 1759 ille

1084 1782 1272 1835 gaudere
1301 1781 1515 1834 hostibus,
1543 1783 1613 1823 hic
1651 1784 1793 1835 palam
1827 1782 1965 1824 fusis:

1082 1844 1340 1898 prudentior
1378 1845 1452 1884 ille
1489 1846 1684 1898 consilio,
1718 1847 1790 1887 hic
1826 1848 1968 1889 animo

1082 1909 1440 1962 magnificentior.
1493 1911 1606 1951 Iram
1628 1918 1752 1965 pater
1769 1913 1967 1954 dissimu-

1082 1974 1188 2024 lare,
1213 1974 1464 2027 plerumque
1493 1975 1622 2014 etiam
1651 1977 1853 2017 vincere:
1895 1977 1967 2018 hic

1083 2038 1156 2078 ubi
1192 2039 1442 2089 exarsisset,
1471 2051 1553 2079 nec
1591 2039 1741 2080 dilatio
1779 2041 1966 2092 ultionis,

1082 2114 1164 2142 nec
1180 2102 1329 2141 modus
1350 2109 1443 2141 erat
1462 2117 1471 2140 ι
1501 2103 1588 2142 vini
1604 2109 1786 2157 uterque
1801 2105 1967 2156 avidus,

1083 2164 1159 2205 sed
1197 2165 1423 2205 ebrietatis
1457 2165 1627 2206 diversa
1660 2168 1782 2209 vitia.
1839 2169 1966 2209 Patri

1082 2241 1173 2269 mos
1194 2235 1288 2269 erat
1310 2229 1440 2270 etiam
1455 2230 1509 2270 (10
1522 2230 1720 2270 convivio
1738 2231 1781 2270 in
1796 2232 1964 2273 hostem

1082 2305 1353 2345 procurrere,
1382 2305 1553 2333 manum
1586 2306 1830 2347 conserere,
1851 2296 1964 2348 peri-

1082 2356 1189 2396 culis
1208 2368 1253 2396 se
1280 2361 1444 2396 temere
1478 2355 1663 2398 offerre:
1710 2358 1964 2400 Alexander

1080 2432 1164 2459 non
1186 2420 1228 2460 in
1245 2421 1430 2473 hostem,
1449 2421 1523 2461 sed
1557 2423 1598 2461 in
1620 2434 1718 2462 suos
1738 2422 1961 2463 saeviebat.

1080 2484 1368 2525 Quamobrem
1401 2483 1653 2536 Philippum
1683 2497 1800 2537 saepe
1819 2486 1964 2525 vulne-

1079 2553 1219 2587 ratum
1256 2548 1406 2600 praelia
1435 2548 1660 2588 remisere:
1702 2549 1772 2589 hic
1802 2549 1961 2590 amico-

1078 2623 1171 2650 rum
1206 2609 1465 2651 interfector
1491 2611 1688 2652 convivio
1711 2610 1962 2664 frequenter

1077 2676 1282 2715 excessit.
1338 2677 1534 2726 Regnare
1565 2675 1639 2715 ille
1677 2688 1773 2716 cum
1810 2676 1960 2717 amicis

1075 2739 1263 2789 nolebat,
1285 2739 1355 2778 hic
1383 2739 1426 2777 in
1447 2738 1605 2778 amicos
1630 2751 1764 2790 regna
1781 2750 1961 2780 exerce-

1075 2803 1166 2844 bat.
1222 2803 1368 2844 Amari
1396 2809 1519 2855 pater
1545 2805 1697 2854 malle;
1725 2805 1794 2845 hic
1809 2806 1959 2847 metui.

1072 2868 1314 2908 Literarum
1334 2868 1473 2907 cultus
1494 2868 1664 2920 utrique
1676 2868 1839 2909 similis.
1879 2869 1957 2909 So·

1073 2931 1213 2970 lertiae
1234 2936 1358 2981 pater
1374 2930 1546 2982 majoris
1559 2947 1571 2981 ς
1600 2931 1668 2971 1110
1685 2930 1804 2972 fidei.
1845 2933 1954 2973 Ver-

1074 2993 1139 3033 bis
1161 2999 1289 3045 atque
1309 2993 1502 3034 oratione
1513 2994 1767 3047 Philippus3
1798 2996 1867 3037 hic
1886 3009 1954 3036 re-

1072 3056 1151 3096 bus
1179 3055 1456 3096 moderatior.
1505 3057 1723 3098 Parcendi
1751 3060 1876 3100 victis
1904 3059 1952 3099 fi-

1071 3119 1129 3158 lio
1151 3119 1314 3158 animus
1335 3124 1380 3158 et
1399 3120 1623 3172 promtior,
1641 3116 1688 3161 et
1707 3122 1952 3164 honestior:

1071 3181 1312 3234 frugalitati
1346 3189 1484 3235 pater,
1508 3183 1692 3223 luxuriae
1721 3184 1833 3224 filius
1863 3197 1952 3225 ma-

1069 3248 1133 3298 gis
1153 3248 1322 3288 deditus
1341 3255 1451 3289 erat.
1510 3249 1676 3291 Quibus
1697 3249 1860 3289 artibus
1881 3263 1950 3290 or-

1069 3311 1133 3350 bis
1153 3313 1322 3364 imperii
1353 3311 1632 3352 fundamenta
1661 3318 1787 3364 pater
1809 3314 1949 3366 jecit;

1066 3378 1206 3428 operis
1227 3376 1357 3417 totius
1397 3377 1574 3428 gloriam
1608 3375 1718 3415 filius
1752 3388 1946 3419 consum-

1064 3439 1227 3480 mavit!

1118 3503 1229 3542 Haec
1250 3502 1434 3544 Quintus
1455 3501 1628 3560 Curtius
1647 3502 1721 3543 lib.
1743 3514 1786 3544 x·
1815 3504 1943 3546 ‘Jus-

1063 3572 1107 3607 te
1126 3565 1439 3607 :estimantibus
1472 3566 1649 3620 Regem,
1666 3567 1801 3623 liquet
1829 3568 1942 3610 bona
