2352 4022
1957 268 2064 322 223

225 407 379 454 atum
419 397 656 467 periculi
693 412 866 464 genus
900 396 1139 462 effugit:
1178 411 1307 448 nam
1355 395 1717 447 Pausaniasg
1753 396 1807 446 in
1859 400 2064 465 capulo

224 484 415 554 gladii,
439 499 550 551 quo
574 497 705 534 eum
729 481 957 544 occidit,
986 481 1310 548 quadrigam
1334 481 1532 533 habuit
1557 481 1861 533 coelatam.†
1878 479 1898 509 ¹¹

296 569 386 622 10.
426 567 575 632 Quae
626 571 742 619 tam
787 567 1050 635 pertinax
1097 567 1410 619 necessitas
1451 569 1506 618 in
1544 571 1717 636 patre,
1768 565 1891 618 et⁸2
1947 567 2064 620 filio

222 651 545 706 Alexandro
573 651 887 704 consimilis
912 651 1198 719 apparuit.
1253 651 1545 720 Siquidem
1573 648 1855 703 Galanusi
1891 651 2065 705 Indus

223 752 328 791 sua
350 743 554 807 sponte
580 752 643 789 se
678 736 891 789 ardenti
906 735 946 773 ⁸³
987 733 1156 803 rogoj
1196 736 1633 805 superjacturuS‚
1669 736 2063 806 interpellatus

221 824 293 876 ab
318 837 407 888 cc,
449 821 741 891 ‘ecquid84
778 825 875 873 aut
900 821 1208 885 mandaret,
1246 826 1346 874 aut
1379 821 1565 874 dicere
1604 821 1816 875 vellet?
1852 826 1869 850 ‘
1896 823 2065 875 Brevi

223 911 319 974 te‚'
354 908 551 978 inquit,
590 911 606 935 ‘
625 904 902 960 videbo.'¹‘
982 906 1104 959 Nec
1129 907 1185 960 id
1214 908 1336 960 sine
1363 908 1606 971 causa,8⁵
1645 909 1783 976 quia
1810 909 2065 961 volunta-

220 997 366 1049 rium
382 994 511 1064 ⁴ejus
536 1010 568 1046 e
591 993 707 1047 vita
745 1005 1044 1046 excessum
1078 993 1278 1062 rapida
1319 1008 1472 1045 mors
1521 993 1823 1046 Alexandri
1869 995 2063 1048 subse-

222 1087 355 1134 cuta
378 1084 508 1133 est*

290 1165 379 1218 11.
417 1163 635 1232 Regios
660 1164 915 1215 interitus
939 1161 1320 1230 magnitudine
1359 1163 1617 1216 miraculi
1641 1163 1868 1230 remigis
1895 1176 2062 1216 casus

220 1254 442 1319 aequat:
481 1266 644 1318 quem
663 1249 719 1301 in
742 1248 943 1302 hexere
969 1247 1267 1317 Tyriorum
1286 1245 1361 1279 ⁸⁶¹
1397 1250 1666 1303 sentinam
1690 1249 2059 1313 haurientem,

730 278 863 316 CAP.
894 278 1028 317 VIII.
1072 277 1150 316 DE
1194 276 1563 316 MIRACULIS.

216 1442 312 1482 mali
337 1452 491 1491 geum,-
521 1445 567 1479 et
600 1451 680 1492 pro
713 1440 905 1492 coezatam,
939 1441 1294 1481 efflaturum—82
1322 1441 1428 1481 vet.
1449 1446 1495 1482 et
1515 1441 1636 1495 Mog.
1658 1454 1755 1482 cum
1775 1441 1927 1482 decern
1947 1440 2056 1482 Mss.

196 1495 366 1536 'delent
383 1499 438 1534 et.
496 1494 693 1536 Quatuor
714 1495 823 1535 Mss.
843 1494 886 1534 in
904 1499 1033 1546 patre,
1051 1496 1095 1534 in
1101 1495 1213 1547 filio,
1234 1494 1348 1547 quod
1366 1495 1598 1535 Torrenius
1617 1497 1793 1546 vulgato
1813 1494 2063 1547 praefert.—

216 1550 270 1589 83
301 1548 464 1589 Medic.
484 1552 524 1588 5.
545 1553 591 1587 et
611 1547 731 1588 Leid.
752 1551 791 1587 6.
809 1547 987 1598 habent,
1005 1548 1305 1596 ardentissim05
1334 1548 1376 1588 in
1398 1549 1640 1601 Pighianis,
1668 1550 1853 1596 ardenti,·
1881 1549 1924 1588 in
1957 1549 2064 1588 duo-

217 1602 298 1644 bus
330 1601 482 1642 Rhem.
515 1602 712 1643 candenti.
771 1601 824 1641 In
861 1602 1077 1642 nonnullis
1113 1602 1240 1643 codd.
1273 1602 1687 1655 superjecturus.-84
1715 1604 1834 1643 Dan.
1870 1604 1907 1642 si
1941 1603 2063 1654 quid.-

217 1656 384 1709 aliquot
401 1655 656 1696 Torreniani
672 1660 711 1695 et
729 1655 846 1708 quid.-
874 1662 976 1696 octo
993 1661 1164 1697 tantum
1183 1656 1278 1708 quid
1290 1671 1304 1696 .·
1333 1658 1472 1698 ceteri
1491 1657 1641 1709 ecquid.
1687 1657 1858 1697 Deinde
1877 1659 2064 1696 ntandare

214 1709 379 1751 habent
413 1714 614 1750 sex.—85
645 1711 733 1750 Nec
762 1710 848 1750 sine
877 1723 995 1750 causa
1025 1723 1135 1750 unus
1168 1711 1348 1752 'ron-en.
1383 1717 1451 1751 est
1484 1712 1616 1752 etiam
1648 1712 1722 1764 qui
1753 1712 1887 1764 delet,
1917 1711 2061 1750 evita:

217 1764 437 1817 undecim,
463 1764 603 1805 rabida
619 1767 849 1805 mors.—-86
877 1765 981 1805 Vet.
998 1764 1045 1805 in
1071 1764 1162 1805 aere
1190 1765 1298 1805 inter
1328 1765 1514 1806 tiriorum
1544 1766 1740 1807 sentinam
1773 1764 2037 1806 haurientium
2050 1777 2064 1810 ;

1065 1873 1249 1916 NOTAE

269 1973 291 2003 8
310 1967 557 2022 Pausanias]
571 1969 762 2010 Cerastae
777 1969 891 2010 filius
907 1981 961 2010 ex
974 1969 1106 2010 Ores-

217 2036 356 2073 tarum
377 2038 537 2084 gente:
581 2032 637 2073 de
675 2039 825 2085 stupro
862 2033 918 2073 ab
954 2033 1106 2074 Attalo

215 2094 298 2135 sibi
318 2106 396 2146 per
412 2096 502 2135 vim
521 2095 642 2136 illato
673 2096 791 2148 apud
810 2097 976 2148 Regem
993 2096 1103 2137 frus-

216 2163 288 2198 tra
307 2164 503 2210 questus,
523 2158 630 2198 iram
651 2157 694 2198 in
711 2159 850 2212 ipsum
870 2160 1114 2211 convertit,

217 2227 263 2263 et
285 2219 509 2274 ultionem,
550 2231 677 2275 quam
714 2222 770 2263 ab
808 2223 983 2264 inimico
1019 2236 1106 2264 non

216 2290 407 2337 poterat,
451 2285 504 2326 ab
551 2286 699 2339 iniquo
743 2286 896 2338 judice
931 2287 1104 2338 exegit3

213 2348 568 2402 Philippumque,
597 2350 697 2390 dum
725 2351 971 2402 Cleopatrae
1005 2350 1104 2391 filiae

216 2423 315 2452 cum
353 2411 606 2453 Alexandro
657 2413 934 2465 Epirotarum
983 2415 1104 2466 Rege

214 2476 388 2529 nuptias
406 2476 615 2528 celebrat,
632 2476 850 2518 interficit.

268 2537 290 2566 ¹¹
320 2540 532 2592 Coelatam]
562 2542 731 2582 Coelata
755 2541 929 2592 proprie
954 2539 1102 2582 dicun-

217 2609 290 2643 tur
309 2615 412 2643 vasa
443 2605 514 2652 vel
546 2617 676 2645 aurea
705 2605 776 2644 vel
806 2610 1031 2657 argentea,
1057 2604 1101 2645 in

215 2666 372 2719 quibus
406 2665 530 2718 signa
565 2674 642 2708 ant
692 2667 831 2719 sigilla
867 2668 1103 2708 eminentia

216 2740 420 2781 expressa
445 2736 562 2782 sunt,
589 2743 684 2783 quae
716 2731 825 2771 coelo
858 2742 945 2770 non
980 2738 1103 2772 torno

214 2791 337 2834 fiant.
395 2794 686 2836 Quintilianus
719 2795 792 2836 lib.
818 2806 890 2836 111·
918 2807 1013 2847 cap.
1034 2799 1102 2835 31.

215 2857 484 2909 sculpturam
512 2870 537 2897 a
562 2859 774 2899 coelatura
805 2871 938 2911 penes
969 2864 1104 2899 mate-

214 2920 327 2960 riam
342 2920 596 2974 distinguit:
624 2923 637 2944 ‘
657 2921 878 2962 Coelatura
905 2934 1001 2975 quae
1032 2934 1104 2962 au-

216 2995 283 3035 ro,
313 2989 512 3035 argento,
529 2995 630 3035 aere,
651 2982 771 3025 ferro
790 2996 922 3037 opera
941 2983 1100 3026 efficit:

213 3058 313 3088 nam
332 3047 366 3087 si
384 3048 607 3100 sculptura
634 3048 813 3100 lignum,
841 3049 963 3100 ebur,
990 3061 1102 3089 mar-

214 3123 325 3163 mor,
352 3112 527 3162 vitrum,
556 3123 746 3163 gemmas
766 3111 1102 3164 complectitur.’

214 3175 326 3217 Haec
345 3175 597 3216 Salmasius.

266 3246 287 3284 ἢ
318 3239 402 3280 An.
422 3239 488 3280 M.
505 3241 628 3279 3718.
677 3238 752 3280 01.
771 3241 865 3280 111.
892 3242 930 3279 1.
988 3237 1098 3280 Urb.

216 3302 266 3343 C.
286 3306 380 3344 41⁷.
425 3301 531 3343 Ant.
553 3302 632 3343 Ch.
653 3306 748 3344 335.

268 3363 280 3391 ¹
310 3363 501 3416 Calanus]
541 3365 676 3407 Indus
714 3366 1096 3420 Gymnosophista‚

215 3428 290 3481 qui
317 3440 342 3469 a
369 3429 521 3469 'taxile
545 3429 682 3471 Indiae
702 3431 850 3482 regulo
871 3443 1098 3484 persuasus

215 3491 508 3534 Alexandrum
524 3500 697 3534 secutus
722 3493 880 3536 fuerat.

1222 1967 1237 2003 j
1265 1969 1441 2010 Ardenti
1458 1969 1575 2021 rog-o]
1606 1968 1691 2010 Ubi
1711 1968 1829 2009 venit
1845 1968 2059 2020 Persepo-

1173 2033 1263 2084 lim,
1288 2032 1412 2073 firma
1449 2046 1617 2085 semper
1653 2046 1755 2073 usus
1799 2033 2062 2085 valetudine,

1175 2101 1264 2136 tum
1301 2098 1489 2148 primum
1520 2103 1733 2149 aegrotare
1772 2097 1930 2148 coepit:
1960 2110 2062 2137 con·

1174 2159 1293 2199 tinuo
1308 2173 1461 2212 rogum
1480 2160 1561 2200 sibi
1581 2161 1775 2200 construi
1799 2160 1854 2200 ab
1872 2159 2061 2202 Alexan-

1173 2222 1253 2263 dro
1273 2223 1505 2275 impetrat:
1537 2223 1696 2264 deinde
1716 2225 1758 2263 in
1779 2224 1941 2265 lectica
1962 2237 2059 2266 vec-

1174 2290 1244 2325 tus
1283 2298 1416 2326 annos
1454 2292 1580 2326 natus
1614 2290 1682 2327 68.
1740 2286 1893 2327 Indico
1943 2299 2060 2328 more

1173 2355 1403 2390 coronatus
1437 2350 1702 2402 hymnosque
1737 2350 1880 2402 patria
1912 2351 2061 2403 lingua

1173 2413 1405 2453 concinens
1435 2413 1480 2452 in
1500 2425 1650 2466 rogum
1679 2413 1957 2454 conscendit:
1988 2416 2061 2455 ubi

1173 2474 1332 2515 decore
1353 2476 1615 2527 compositus
1635 2476 1786 2515 mediis
1805 2476 1848 2515 in
1879 2475 2060 2517 fiammis

1171 2539 1297 2580 stetit
1316 2539 1531 2579 immotus.
1586 2539 1838 2580 Alexander
1858 2540 1927 2593 qui
1948 2553 2058 2592 prae-

1172 2614 1269 2644 sens
1308 2602 1475 2654 aderat,
1510 2608 1634 2643 veste
1669 2604 1874 2654 pretiosa,
1918 2605 2059 2644 aureis

1171 2667 1476 2719 argenteisque
1502 2667 1629 2718 vasis,
1657 2667 1884 2718 splendido
1915 2670 2059 2708 convi-

1171 2729 1258 2780 vio,
1306 2730 1501 2770 tubarum
1560 2730 1720 2781 sonitu,
1763 2730 1933 2771 barritu
1971 2733 2058 2772 ele·

1172 2793 1448 2845 phantorum,
1476 2792 1679 2845 festoque
1722 2793 1854 2834 totius
1893 2797 2057 2836 exerci-

1175 2863 1244 2898 tus
1263 2859 1449 2898 clamore
1470 2857 1597 2898 funus
1617 2858 1856 2900 decoravit.

1229 2919 1248 2947 ¹¹
1266 2922 1396 2963 Brevi
1414 2926 1469 2972 ee,
1484 2923 1629 2974 inquit,
1648 2923 1802 2974 videbo]
1822 2923 2056 2963 Addidisse

1169 2984 1333 3026 fertur:
1366 2988 1377 3009 ‘
1400 2985 1439 3026 Ο
1462 2986 1749 3038 praeclarum,'
1770 2987 1925 3039 inquit,
1944 2993 1955 3010 ‘
1972 2987 2053 3026 dis-

1169 3064 1335 3093 cessum
1357 3064 1381 3092 e
1402 3052 1516 3102 vita3
1536 3065 1647 3104 cum,
1662 3057 1709 3092 ut
1730 3051 1905 3091 Herculi
1922 3051 2056 3090 conti-

1169 3116 1249 3168 git,
1263 3116 1434 3156 mortali
1454 3127 1636 3167 corpore
1654 3119 1843 3154 cremato
1859 3114 1901 3152 in
1915 3114 2053 3153 lucem

1169 3180 1334 3219 animus
1355 3176 1622 3219 excesserit!
1667 3176 1779 3216 Haec
1813 3175 1966 3215 Cicero
1998 3175 2054 3215 de

1167 3243 1317 3283 Divin.
1336 3243 1416 3282 lib,
1429 3255 1460 3283 1.

1223 3312 1241 3355 ss
1272 3306 1358 3350 An.
1378 3308 1440 3346 M.
1461 3309 1584 3346 3730.
1632 3303 1704 3345 01.
1736 3305 1827 3343 114.
1856 3306 1894 3342 1.
1941 3303 2051 3344 Urb.

1168 3370 1218 3411 C.
1238 3373 1334 3410 429.
1386 3368 1486 3408 Ant.
1508 3369 1586 3408 Ch.
1607 3370 1700 3407 323.

1221 3434 1420 3474 ¹Hexere
1458 3430 1683 3485 Tyriorum]
1728 3430 1814 3470 Hic
1852 3431 1970 3471 locus
2007 3431 2050 3470 in

1167 3497 1361 3537 omuibus
1393 3495 1612 3536 codicibus
1645 3494 1753 3535 mire
1786 3495 2048 3548 depravatus
