2352 4022
722 307 854 343 ων.
886 306 966 342 iv.
1010 308 1088 344 Du
1132 308 1562 349 PAUPER'PATE.
1943 302 2049 354 1163

222 428 399 482 solum
426 425 751 479 humanitas
772 426 1002 479 Patrum
1030 430 1490 497 conscriptorum,
1518 430 1611 480 sed
1639 432 1802 483 etiam
1828 435 2050 490 habitus

223 518 463 565 veterum
513 511 973 578 patrimoniorum
1015 515 1280 579 cognosci
1325 522 1528 581 potest.
1610 514 1865 583 Namque
1905 520 2048 572 adeo

219 597 442 650 fuerunt
468 600 642 659 arcta,
668 601 730 648 ut
753 597 980 648 Tatia³9
1020 598 1277 651 Caesonis
1303 598 1423 651 filia
1446 599 1750 658 maximam
1775 600 1959 653 dotem
1981 605 2052 656 ad

219 683 400 735 virum
446 694 510 732 X.
536 682 709 734 millia
723 686 771 719 40
811 681 941 733 aeris
981 683 1236 735 attulisse
1282 685 1405 735 visa
1455 685 1562 736 sit:
1617 690 1670 737 et
1699 684 1989 752 Megullia,
2008 694 2050 726 4¹

221 768 361 836 quia
381 767 935 835 cumquinquaginta
961 768 1208 820 millibus
1248 770 1376 821 aeris
1418 770 1602 821 mariti
1629 769 1851 822 domum
1890 772 2054 824 intra-

220 854 319 917 vit,
350 853 577 917 Dotatae
619 868 926 920 cognomen
970 852 1254 904 invenerit.
1330 853 1490 905 Idem
1502 859 1547 891 42
1588 860 1816 906 senatus
1860 855 2055 907 Fabri-

220 938 306 995 cii-
324 938 574 1001 Luscini,
603 938 1001 1006 Scipionisque
1022 938 1170 990 filias
1195 940 1267 991 ab
1305 940 1577 991 indotatis
1621 940 1831 1008 nuptiis
1855 941 2055 992 libera-

218 1023 378 1090 litate
405 1023 876 1089 suarvindicavit:
916 1023 1180 1091 quoniam
1205 1029 1454 1093 paternae
1501 1026 1814 1078 haereditati
1856 1033 2055 1093 praeter

221 1109 471 1177 opimam
497 1109 898 1177 glor-iamnihil
922 1115 1040 1162 erat
1067 1109 1218 1177 quod
1247 1115 1540 1179 acceptum
1566 1111 1870 1163 reserrent.‡

293 1195 380 1246 ll.
421 1193 502 1259 M.
527 1201 710 1248 autem
752 1196 1001 1249 Scaurus
1026 1196 1355 1264 quantulam
1383 1214 1418 1250 a
1442 1204 1600 1264 patre
1622 1204 1645 1226 ¹¹
1680 1196 2056 1248 haereditatem

221 1281 568 1348 acceperit,4³
608 1281 664 1332 in
689 1281 873 1348 primo
901 1280 1050 1333 libro
1077 1297 1289 1345 eorum,
1318 1298 1457 1350 quos
1484 1283 1552 1334 de
1577 1283 1694 1335 vita
1718 1290 1860 1335 suav
1885 1283 2057 1350 scrip-

223 1365 314 1430 sit,
337 1365 522 1430 refert.
596 1364 697 1419 Ait
722 1366 873 1418 enim
898 1365 1010 1424 sibi
1056 1366 1250 1419 decem
1294 1368 1479 1419 sola44
1514 1369 1808 1436 mancipia,
1851 1374 2057 1421 totum-

222 1467 586 1519 quecensum
611 1452 854 1520 quinque
881 1455 1048 1519 atque
1072 1452 1298 1519 triginta
1321 1453 1555 1505 millium
1581 1469 1863 1506 nummum
1902 1454 2058 1504 relic-

222 1542 359 1602 tum.
434 1537 504 1590 In
525 1537 632 1601 hac
656 1538 751 1602 ille
777 1527 1021 1606 pecunia
1034 1542 1079 1576 4⁵
1116 1538 1336 1591 futurus
1358 1543 1580 1591 senatus
1601 1539 1862 1606 princeps
1888 1538 2058 1588 nutri-

221 1625 326 1688 [¹15.
341 1627 433 1674 est
457 1622 763 1690 spiritus.¹⁶*

295 1705 444 1759 Haec
470 1707 635 1775 igitur
678 1709 942 1775 exempla
984 1709 1271 1777 respicere,
1313 1709 1399 1760 his
1445 1710 1801 1776 acquiescere
1845 1706 2057 1760 solatiis

277 1899 298 1927 ¹¹
325 1901 378 1942 In
395 1902 469 1942 hac
485 1906 661 1954 egestate
678 1905 865 1944 educatus
881 1906 941 1943 est
959 1902 1144 1954 Scaurus,
1165 1903 1231 1954 qui
1238 1902 1510 1951 futuruserat
1527 1903 1709 1956 princeps
1728 1903 1908 1944 Senatus.

992 2021 1291 2036 “‘OO‘OOO‘O‘

218 2116 378 2170 pronior
392 2129 409 2163 ‚⁶
436 2116 578 2156 Bilur.
600 2120 639 2156 1.
659 2116 814 2156 habitus
829 2116 1157 2169 patrimoniorum
1171 2116 1457 2169 pronior.—39
1483 2116 1604 2156 Accia
1622 2116 1663 2155 in
1683 2115 1804 2156 codd.
1825 2115 2057 2167 Pighianis‚

223 2171 438 2210 nonnullis
455 2171 634 2211 Tor-ren.
657 2175 702 2210 et
721 2171 840 2221 Mog.
870 2171 990 2211 Actia
1010 2172 1050 2210 in
1074 2184 1157 2210 uno
1175 2170 1338 2211 Brand.
1370 2172 1507 2210 Tuccia
1527 2172 1565 2208 in
1587 2171 1668 2209 alio
1688 2182 1784 2209 cum
1805 2170 2057 2220 quibusdam

221 2224 405 2267 Torren.
443 2225 598 2277 Tuscia,
633 2226 771 2272 Tucca,
809 2225 991 2275 Tamna,
1027 2226 1180 2275 Tussia,
1213 2226 1332 2266 Tucia
1367 2225 1410 2263 in
1439 2225 1531 2264 aliis
1566 2223 1691 2264 codd.
1723 2224 1863 2264 Tuccia
1896 2224 1937 2262 in
1955 2224 2057 2264 Vei.

223 2277 428 2321 Perizon.
471 2280 588 2331 conj.
629 2279 764 2319 Fabia.
766 2283 874 2320 -40
914 2281 1028 2319 Dan
1061 2255 1223 2320 omit'tit
1251 2279 1406 2326 millia;
1445 2285 1490 2318 et
1523 2279 1582 2318 sic
1616 2278 1737 2317 Leid.
1771 2281 1810 2317 2.
1850 2277 2055 2328 probante

221 2330 391 2373 Colere.
395 2337 501 2385 -41
532 2334 653 2374 Leid.
673 2337 713 2373 1.
733 2332 934 2383 Argulia,·
964 2333 1086 2374 Ieid.
1105 2337 1146 2372 6.
1168 2332 1399 2384 Mergulia;
1442 2333 1565 2372 Harl.
1594 2331 1808 2381 Megalia,·
1837 2338 1883 2370 ut
1917 2337 1982 2370 est
2013 2332 2053 2369 iu

221 2382 424 2450 vulgatis.
481 2385 586 2428 Mox
607 2388 833 2450 quingentis
852 2387 974 2428 Leid.
993 2392 1032 2428 7.
1053 2388 1212 2440 Ultraj.
1232 2391 1272 2427 2.
1295 2393 1339 2426 et
1361 2387 1431 2426 alii
1453 2386 1579 2426 codd.
1607 2386 1656 2426 L.
1675 2385 1846 2424 millibus
1872 2384 1989 2424 Leid.
2019 2389 2057 2423 5.

221 2439 511 2495 quinquaginta
529 2442 726 2482 restituit
745 2443 923 2493 Pighius
944 2454 997 2481 ex
1017 2442 1193 2482 Winck.
1254 2441 1411 2492 Ultraj
1443 2444 1482 2480 1.
1515 2439 1678 2479 omittit
1708 2439 1825 2478 aeris:
1854 2439 1978 2477 Harl.
2010 2445 2055 2476 et

222 2492 364 2542 Rit'ur
385 2499 425 2540 1.
444 2495 620 2536 exhibet
635 2497 783 2537 dotata.»
801 2509 953 2536 nomen.
956 2499 1064 2536 —42
1093 2496 1164 2535 Ita
1190 2508 1246 2535 ex
1277 2495 1403 2534 codd.
1435 2493 1657 2534 revocavit
1672 2493 1884 2541 vorstius,
1910 2492 2057 2543 itaque

220 2544 332 2589 liber
362 2543 443 2602 Lip
447 2549 498 2589 sii
530 2556 576 2590 et
601 2551 705 2591 Vet.
739 2563 833 2589 cum
865 2556 1020 2590 contra
1052 2549 1178 2590 codd.
1208 2561 1458 2588 consensum
1496 2549 1634 2587 Coler.
1660 2548 1787 2608 Tliys.
1821 2551 1866 2585 et
1899 2545 2055 2595 Delph.

223 2563 443 2649 dedissent
459 2603 571 2645 Ideo.
573 2607 680 2644 -43
708 2604 779 2644 Sic
812 2604 991 2655 Pighius
1026 2617 1078 2642 ex
1112 2603 1239 2643 codd.
1270 2615 1347 2654 pro
1378 2603 1551 2653 vulgato
1586 2602 1747 2651 accepit.
1801 2600 1904 2638 Mox
1938 2599 2059 2637 multi

222 2655 357 2697 codd.
370 2659 419 2697 de
437 2658 522 2698 vita
538 2671 609 2698 sua
627 2658 893 2709 transcripsit
896 2656 1004 2697 —44
1035 2659 1142 2697 Exc.
1171 2658 1320 2707 Steph.
1343 2657 1463 2695 Leid.
1495 2661 1531 2695 5.
1565 2661 1609 2694 et
1639 2654 1829 2693 nonnulli
1862 2652 2054 2696 Pium-..ni

221 2722 294 2754 sex
310 2712 423 2759 sola;
453 2718 497 2751 et
518 2711 579 2752 sic
599 2711 722 2752 Leid.
743 2715 783 2751 7.
805 2725 905 2751 am.
926 2724 1010 2751 sec
1013 2715 1118 2750 -45
1150 2710 1302 2750 Atreb.
1335 2711 1430 2749 Sus.
1464 2708 1628 2747 Brand.
1650 2712 1686 2747 1.
1705 2711 1745 2746 2.
1781 2708 1887 2747 Exc.
1907 2705 2055 2754 steph.

224 2770 277 2805 et
288 2765 488 2806 undecim
510 2766 690 2811 Torren.
711 2766 929 2805 cuniVet.
947 2765 1020 2804 hac
1038 2766 1108 2805 zlle
1122 2765 1316 2815 pecunia.-
1342 2763 1522 2815 Pighius
1543 2774 1567 2802 e
1588 2762 1738 2812 Camp.
1770 2760 1962 2808 dederat,
1984 2757 2055 2796 hac

1048 2899 1225 2941 NOTAE

279 3011 299 3053 ss
333 3004 419 3045 An.
449 3006 512 3046 M.
541 3009 664 3046 3839.
708 3007 780 3047 Ol.
801 3011 893 3048 141.
912 3011 952 3047 2.
1001 3006 1107 3046 Urb.
1178 3007 1316 3046 tiones
1337 3009 1452 3055 sunt,
1484 3009 1529 3043 et
1562 3008 1650 3042 tres
1683 3001 1734 3040 ad
1763 3001 1810 3039 L.
1834 2998 2052 3039 Fusidium

226 3070 275 3110 C.
297 3073 393 3110 538.
441 3069 548 3111 Ant.
569 3071 647 3110 Cli.
668 3073 763 3110 214.
1177 3069 1275 3108 libri
1292 3068 1442 3119 scripti
1459 3066 1513 3106 de
1531 3067 1617 3105 vita
1633 3064 1781 3115 ipsius,
1798 3075 1897 3101 sane
1913 3062 2056 3110 utiles,

277 3139 297 3159 ¹¹
329 3133 569 3178 Quantulum
605 3146 630 3172 a
662 3138 792 3184 patre,
830 3135 918 3186 δῖα]
956 3132 1108 3172 Scauri
1175 3146 1281 3186 quos
1313 3145 1436 3171 uerno
1468 3130 1603 3182 legit:
1634 3134 1678 3167 at
1707 3129 1807 3178 Cyri
1843 3126 1972 3165 vitam
2009 3132 2053 3164 et

226 3201 353 3248 pater
372 3195 693 3243 Carbonariam‚
722 3197 982 3245 si1Pediano
1013 3207 1108 3235 cre·
1177 3195 1444 3246 disciplinam
1477 3195 1643 3243 legunt,-
1666 3190 1913 3241 praeclaram
1936 3187 2051 3226 illam

225 3258 383 3309 dimus,
413 3259 607 3298 exercuit
627 3273 639 3308 ς
661 3261 853 3311 quamvis
870 3259 1106 3298 Patricius:
1179 3258 1377 3310 quidem3
1398 3256 1473 3295 sed
1490 3266 1624 3306 neque
1648 3259 1733 3292 tam
1755 3251 1878 3291 rebus
1898 3250 2052 3289 nostris

222 3322 403 3375 ipseque
423 3322 599 3363 tandem
619 3323 877 3376 eloquentiae
906 3321 1108 3374 praesidio
1178 3328 1335 3372 aptam,
1374 3331 1453 3358 nec
1492 3325 1631 3356 tamen
1668 3315 1818 3354 Scauri
1857 3313 2052 3353 laudibus

226 3386 418 3424 emersit.
1176 3381 1548 3433 anteponendam.’

279 3452 298 3472 '
329 3448 437 3493 Quos
455 3449 503 3487 de
530 3448 614 3487 vita
638 3447 729 3499 sua]
774 3449 844 3488 De
882 3448 946 3487 his
986 3446 1108 3486 libris
1231 3445 1254 3467 *
1286 3443 1371 3483 An.
1397 3445 1458 3483 Μ.
1488 3446 1610 3482 3939.
1653 3440 1722 3481 01.
1743 3443 1835 3481 166.
1856 3443 1896 3480 2.
1947 3440 2053 3480 Urb.

225 3511 289 3551 ita
310 3511 464 3552 Cicero
486 3511 528 3551 in
550 3512 714 3552 Bruto:
747 3512 759 3533 ‘
780 3512 923 3562 Hujus
952 3516 997 3551 et
1015 3522 1107 3550 ora·
1179 3508 1230 3549 C.
1247 3510 1342 3546 638.
1388 3506 1490 3546 Ant.
1511 3505 1588 3545 Cli.
1613 3506 1704 3543 114.
