2346 3952
977 306 1322 348 PRAEFArlo.
2033 293 2069 343 9

233 435 402 503 igitur
426 431 881 486 doctissimorum
904 429 1149 481 virorum
1183 426 1676 496 interpretationes
1703 423 1918 493 saepius
1944 423 2071 477 toti-

236 521 364 573 dem
379 518 563 571 verbis
588 516 808 585 repetii,
826 515 917 569 vel
942 530 1248 583 suppresso
1266 515 1357 567 vel
1380 512 1609 566 laudato
1631 527 1814 564 eorum
1833 512 2072 562 nomine.

237 605 304 657 In
330 621 440 672 quo
463 619 575 656 non
595 619 809 666 vereor,
848 605 908 653 ut
934 602 1084 668 aequi
1112 606 1170 652 et
1200 600 1340 669 justi
1366 614 1618 653 censores
1643 614 1730 649 me
1750 598 2073 665 vituperent,

239 707 367 744 cum
390 705 504 742 non
532 706 567 741 a
592 704 725 756 qum
752 685 852 739 sed
880 686 1016 755 quid
1043 686 1251 738 dictum
1271 686 1361 749 sit,
1386 684 1678 752 praecipue
1716 683 1790 735 sit
1812 688 2077 750 spectan-

239 775 389 828 dum.
465 775 643 843 quue
681 773 786 825 fuit
828 773 888 824 in
927 787 1119 835 causa,
1157 787 1254 822 cur
1291 786 1469 839 neque
1492 769 1583 822 hic
1618 785 1800 838 neque
1842 768 1978 821 alibi
2003 769 2077 821 ad

240 861 384 913 alios
424 859 745 927 scriptoreS,
787 859 884 926 qui
921 857 1069 909 idem
1107 857 1506 909 observassent
1541 856 1597 908 in
1626 856 1909 908 veteribus
1948 871 2079 908 auc-

241 947 472 1009 toribuS‚
522 960 903 1012 provocarem.
983 942 1195 995 Infiniti
1243 942 1520 1010 siquidem
1567 946 1712 995 esset
1756 929 1991 1005 laboriS,
2020 946 2081 993 at

239 1031 481 1083 fortasse
519 1030 761 1082 modicae
782 1029 1066 1091 utilitatis,
1094 1043 1284 1080 omnes
1308 1028 1453 1080 istos
1481 1028 1783 1097 scriptores
1811 1027 2078 1090 excitare,

243 1117 342 1183 qui
366 1115 514 1167 idem
539 1119 925 1183 argumentum
957 1113 1084 1166 inde
1110 1114 1180 1165 ab
1204 1113 1607 1166 instauratione
1631 1114 1912 1165 literarum
1937 1118 2083 1164 trac-

242 1205 447 1275 tarunt.
525 1200 750 1265 Quotus
785 1200 932 1252 enim
975 1201 1217 1268 quisque
1245 1203 1349 1263 est,
1386 1200 1475 1252 cui
1503 1199 1721 1266 egregia
1747 1196 2084 1251 Criticorum

244 1284 830 1354 praestantissimorum
855 1302 1027 1354 opera
1050 1285 1311 1338 evolvere
1339 1285 1534 1338 datum
1571 1285 1684 1337 sit‘?
1761 1282 1928 1348 Quod
1952 1299 2085 1337 vero

247 1371 320 1424 ad
347 1375 555 1424 veteres
582 1372 881 1440 scriptores
908 1372 967 1423 in
991 1371 1235 1438 margine
1263 1370 1536 1438 allegatos
1561 1370 1817 1439 pertinet,
1847 1386 1948 1422 eos
1974 1384 2083 1421 non

245 1456 416 1508 modo
458 1456 777 1508 accuratius
820 1456 1014 1520 citavi,
1061 1455 1163 1508 sed
1205 1455 1372 1508 etiam
1408 1455 1596 1508 multis
1623 1455 1682 1506 in
1718 1454 1865 1507 locis
1893 1470 2088 1506 eorum

247 1541 559 1608 catalogum
584 1541 878 1608 insigniter
903 1543 1040 1594 auxi
1063 1558 1076 1608 3
1103 1546 1169 1593 ut
1194 1542 1291 1611 qui
1314 1541 1459 1593 scire
1483 1540 1699 1608 cupiat,
1733 1539 1961 1608 quinam
1989 1540 2089 1592 alii

247 1626 551 1696 scriptores
572 1632 784 1681 veteres
828 1629 1060 1680 eandem
1102 1644 1219 1680 rem
1263 1627 1542 1696 persecuti
1579 1625 1706 1689 sint,
1745 1625 1892 1677 sitim
1929 1641 2087 1678 suam

246 1712 428 1779 possit
459 1714 698 1781 explere.
772 1711 866 1765 Ad
899 1730 1063 1782 quem
1089 1714 1255 1766 finem
1283 1713 1744 1781 consequendum
1785 1729 1916 1764 cum
1943 1712 2091 1765 Lon-

249 1796 400 1863 golii,
441 1798 719 1865 quondam
761 1800 893 1864 mei,
937 1815 1083 1853 nunc
1133 1797 1421 1871 μακαρίτου,
1470 1798 1815 1852 bibliotheca
1854 1798 1938 1851 uti
1979 1814 2092 1850 non
2146 1846 2148 1848 ,

249 1882 513 1950 amplius
541 1900 789 1952 possem,
827 1890 997 1939 curtae
1039 1886 1383 1955 supellectili
1422 1901 1566 1938 meae
1611 1887 2005 1937 succurrerunt
2041 1889 2095 1936 et

250 1967 456 2021 multos
504 1969 680 2022 libros
728 1987 944 2024 mecum
989 1973 1555 2035 communicaverunt,
1600 1972 1707 2024 viri
1749 1970 2092 2023 Perillustris

255 2058 423 2122 atque
450 2055 980 2109 Excellentissimus
1006 2057 1043 2109 J
1049 2074 1103 2110 0.
1126 2057 1363 2110 Gottlob
1390 2055 1608 2126 Mayer,
1637 2056 1906 2109 Sereniss.
1936 2056 2094 2108 Prin-

255 2139 399 2207 cipis
426 2139 623 2192 Nostri
660 2158 694 2193 a
733 2140 1005 2194 Consiliis
1032 2141 1347 2210 Regiminis
1372 2141 1733 2209 provincialis
1771 2141 2002 2204 intimiS,
2040 2145 2096 2192 et

255 2221 594 2276 Consistorii
647 2225 872 2278 Praeses
921 2227 1431 2295 splendidissimus,
1483 2226 1775 2280 Maecenas
1827 2230 2094 2279 aeternum

255 2308 556 2375 colendus3
596 2309 840 2362 Illustris
882 2316 1050 2380 atque
1074 2311 1476 2380 Amplissimus
1511 2311 1593 2364 M.
1621 2312 1952 2365 Laurentius
1995 2310 2032 2363 J
2036 2327 2096 2364 o-

257 2408 429 2446 annes
466 2394 504 2447 J
509 2396 719 2447 acobus
746 2396 1018 2463 LangiUS,
1059 2397 1250 2450 Seren.
1277 2396 1560 2467 Principis
1594 2414 1628 2450 a
1655 2396 1922 2449 Consiliis
1950 2395 2097 2450 Con-

259 2479 487 2544 sistorii,
507 2485 564 2532 et
581 2479 873 2533 Professor
895 2481 1191 2551 Gymnasii
1210 2483 1507 2536 Baruthini
1532 2483 1944 2547 meritissimuS‚
1967 2482 2100 2536 Col-

256 2564 383 2630 lega
417 2565 552 2617 mihi
595 2566 1128 2635 conjunctissimus3
1181 2575 1237 2621 et
1274 2569 1615 2636 Magnificus
1652 2576 1817 2637 atque
1857 2568 2099 2621 Illustris

262 2647 698 2718 christophorus
723 2651 1069 2720 Theophilus
1095 2653 1320 2718 HarleS,
1358 2655 1548 2707 Seren.
1575 2654 1860 2723 Principis
1898 2670 1933 2706 a
1952 2652 2098 2706 Con-

262 2732 405 2786 siliis
442 2732 682 2800 AuliciS,
733 2737 1032 2791 Professor
1070 2739 1233 2808 Eloq.
1277 2746 1336 2792 et
1385 2739 1641 2794 Po'eseos
1693 2742 1748 2793 in
1787 2738 2099 2792 Academia

263 2817 970 2878 Friderico-Alexandrina
1007 2825 1435 2891 Celeberrimus,
1488 2844 1613 2879 cum
1659 2827 1902 2879 maxime
1946 2824 2098 2878 Aca-

265 2902 466 2957 demiae
493 2905 805 2972 Prorector,
831 2909 1019 2962 fautor
1059 2916 1115 2964 et
1153 2913 1364 2965 amicus
1388 2912 1557 2980 longe
1586 2912 2060 2966 aestimatissimus
2089 2927 2104 2975 ;

267 2989 466 3055 quibus
490 3006 592 3058 pro
618 2997 778 3046 tanta
813 2994 1150 3050 liberalitate
1192 2998 1472 3050 maximas
1506 3014 1613 3065 ago
1645 2998 1935 3064 habeoque
1976 3011 2099 3063 gra-

267 3073 395 3126 tias.

339 3157 790 3229 Chronologiam‚
841 3181 877 3217 a
913 3165 1118 3234 Pighio
1163 3167 1427 3232 additam,
1466 3168 1655 3220 multis
1698 3168 1756 3219 in
1799 3166 1955 3218 locis,
1992 3183 2099 3220 non

267 3247 484 3296 tantum
521 3249 896 3315 comparando
921 3250 1234 3319 Editiones,
1268 3271 1458 3307 verum
1494 3268 1716 3322 quoque
1753 3251 2096 3304 consulendo

274 3325 481 3382 Fastos
505 3332 813 3385 emendavi.

346 3410 660 3468 Historicas
704 3433 856 3482 ver0,
902 3418 1340 3492 Geographicas,
1391 3430 1449 3476 et
1499 3422 1639 3475 alias
1690 3420 2096 3490 cujuscumque

276 3496 491 3562 generis
517 3501 954 3569 observationes,
994 3506 1053 3557 in
1088 3506 1306 3562 Indices
1334 3507 1563 3576 conjeci,
1601 3523 1635 3559 a
1669 3524 1758 3559 me
1799 3508 1927 3575 ipso
1964 3524 2097 3560 con-
