2346 3952
423 279 495 333 48

424 418 552 461 tator,
580 414 712 453 semel
741 412 916 463 Censor,
943 412 1144 465 princeps
1167 411 1299 452 Sena-

425 485 519 526 tus3
564 482 716 529 terque
751 476 1045 527 triumphavit,
1083 475 1215 514 semel
1243 474 1299 514 de

424 541 590 592 Apulis,
619 541 775 580 iterum
806 540 858 578 de
889 539 1024 578 Gallis
1041 542 1086 576 et
1103 537 1298 586 Thuscis,

422 604 551 644 tertio
586 603 640 642 de
675 602 957 643 Samnitibus:
996 612 1178 651 cumque
1213 604 1298 639 tur-

424 668 523 706 bam
556 665 770 707 forensem
803 666 846 704 in
871 668 1051 716 quatuor
1072 662 1206 702 tribus
1233 673 1299 701 ur-

423 729 558 770 banas
600 728 873 779 conjecisset,
913 727 1072 778 primus
1108 737 1132 765 e
1165 724 1302 765 Fabia

423 799 552 844 gente
571 791 747 831 Maximi
763 801 998 841 cognomen
1015 789 1199 840 adeptus
1216 792 1300 828 est.

424 867 496 898 111.
526 857 628 909 Ejus
647 855 757 894 filius
780 855 982 905 Quintus,
1008 854 1076 894 cui
1097 853 1152 892 ob
1173 853 1302 893 devo-

423 926 560 958 ratum
594 916 893 969 patrimonium
922 915 1115 967 Gurgitis
1143 928 1301 967 cogno-

423 995 520 1022 men
538 980 634 1032 fuit,
661 986 811 1020 contra
829 980 1036 1020 Samnites
1065 992 1160 1020 cum
1191 981 1301 1020 male

425 1050 673 1097 pugnasset,
714 1048 836 1095 patre
884 1044 1029 1095 legato
1077 1043 1301 1083 victoriam

423 1109 593 1148 retulit:
644 1108 842 1159 princeps
893 1107 1093 1156 Senatus,
1138 1106 1301 1158 duplici

424 1171 656 1212 Consulatu
680 1182 788 1209 anno
806 1173 903 1209 461.
933 1175 977 1209 et
995 1172 1090 1211 477,
1120 1169 1299 1208 totidem

422 1235 476 1275 de
495 1233 756 1275 Samnitibus
777 1233 1017 1284 triumphis,
1038 1233 1242 1285 Censura,
1255 1238 1301 1273 et

423 1299 466 1338 in
487 1299 717 1350 AEgyptum
735 1297 949 1348 legatione
969 1296 1138 1336 enituit.

478 1372 522 1401 v.
553 1363 607 1403 Q.
630 1361 782 1401 Fabius
803 1360 997 1410 Gurgitis
1028 1371 1081 1398 ex
1113 1358 1200 1399 filio
1229 1371 1300 1399 ne·

423 1439 521 1478 pOS,
567 1427 801 1466 Cunctator
839 1436 863 1463 a
889 1423 991 1463 belli
1025 1422 1200 1473 gerendi
1233 1434 1299 1461 ra-

424 1491 557 1540 tione,
592 1490 860 1528 Verrucosus
898 1499 923 1525 a
953 1498 1133 1526 verruca
1165 1487 1208 1524 in
1239 1486 1297 1525 la-

422 1553 519 1605 biis,
535 1557 580 1592 et
600 1565 624 1591 a
639 1551 961 1591 mansuetudine
979 1549 1301 1602 Oviculaynlgo

424 1616 590 1664 dictus3
634 1615 802 1654 laudem
846 1614 1003 1653 avitam
1054 1611 1298 1662 superavit:

427 1679 613 1731 quinque
642 1679 899 1718 Consulatus
932 1687 1044 1715 anno
1077 1678 1171 1715 520.
1207 1678 1300 1714 525.

425 1745 519 1781 538.
559 1745 654 1781 539.
688 1744 782 1781 544.
823 1745 870 1779 ut
907 1751 1105 1791 proavus,
1146 1738 1299 1790 gessit:

426 1806 532 1844 dnos
552 1805 803 1856 triumplmS,
834 1809 879 1843 ut
901 1815 1020 1854 avuS‚
1047 1802 1221 1842 retulit:
1256 1807 1304 1842 ut

426 1875 624 1921 uterque,
655 1868 852 1920 princeps
883 1867 1064 1906 Senatus
1097 1865 1199 1916 fuit,
1227 1866 1304 1905 sed

426 1933 598 1985 utrique
631 1932 672 1971 in
703 1944 753 1971 eo
786 1932 992 1983 superior,
1020 1929 1129 1982 quod
1154 1929 1304 1968 Dicta-

426 2001 495 2036 tor
532 1997 796 2036 exultantem
832 1994 1020 2034 victoriis
1053 1992 1306 2032 Annibalem

425 2059 605 2110 fregerit
625 2075 633 2097 ι
663 2059 747 2098 duo
765 2059 838 2098 ille
857 2057 968 2098 filios
987 2057 1153 2104 habuit,
1173 2057 1306 2098 Quin-

429 2130 519 2163 tum
558 2130 602 2163 et
640 2123 861 2170 Marcum;
910 2121 1091 2172 primum
1138 2118 1305 2170 Quinti,

430 2193 519 2227 tum
538 2187 674 2226 Marci
697 2191 890 2237 posteros
910 2194 1227 2235 persequemur.

482 2261 547 2290 vl.
593 2250 648 2291 Q.
688 2248 843 2288 Fabius
880 2246 1156 2288 Cunctatoris
1194 2243 1305 2283 filius

429 2313 589 2353 Consul
609 2323 717 2352 anno
736 2315 830 2351 540.
865 2316 910 2349 et
942 2310 984 2348 in
1015 2311 1154 2348 locum
1176 2307 1308 2358 patris

429 2374 581 2425 Augur
600 2373 747 2424 genuit
766 2384 850 2411 vil.
882 2372 1090 2412 Quintum
1107 2372 1206 2409 item
1222 2367 1309 2408 Au-

431 2448 593 2489 gurem,
620 2442 665 2476 et
701 2436 908 2477 Quintum
945 2434 1204 2483 Labeonem,
1237 2431 1308 2484 qui

431 2500 603 2540 Praetor
627 2499 819 2538 navalem
850 2497 1109 2549 triumphum
1141 2507 1309 2534 assecu-

432 2569 500 2603 tus
523 2567 602 2615 est,
624 2568 668 2602 et
689 2562 848 2602 Consul
868 2573 978 2601 anno
998 2564 1092 2601 560.
1112 2559 1309 2612 ponitur3

1071 295 1151 332 DE
1194 293 1539 332 ROMANORU
1555 293 1597 330 M

1367 410 1618 451 eruditionis
1650 415 1693 450 et
1726 410 1884 463 ingenii
1903 412 2031 452 laude
2053 412 2245 455 illustris.

1367 473 1408 513 A
1448 474 1610 516 Quinto
1650 475 1828 525 Augure
1864 475 2093 527 adoptatus
2141 487 2246 522 vin,

1368 537 1554 579 Quintus
1573 537 1727 577 Fabius
1749 538 1997 578 AEmilianus
2029 540 2076 579 L.
2104 539 2247 591 Pauli,

1368 601 1440 652 qui
1461 601 1626 640 Persen
1645 600 1764 652 vicit,
1792 600 1920 654 filius,
1947 603 2106 642 Consul
2135 615 2246 643 anno

1367 667 1460 705 608.
1490 678 1542 704 ex
1561 677 1646 717 quo
1667 670 1787 704 natus
1823 671 1892 706 est
1917 676 1983 706 lx.
2013 667 2069 708 Q.
2090 667 2245 708 Fabius

1368 727 1681 780 Allobrogicus,
1710 729 1783 780 qui
1817 729 1976 768 Consul
2009 741 2120 770 anno
2149 734 2245 771 632.

1369 791 1484 832 victo
1531 792 1583 832 ad
1631 793 1797 832 Isaram
1846 790 2004 832 flumen
2051 794 2245 846 Betulto,

1369 859 1414 894 et
1450 855 1576 894 caesis
1609 859 1697 894 tum
1737 853 2017 907 Allobrogum
2046 861 2134 896 tum
2168 856 2250 896 Ar-

1370 929 1598 957 vernorum
1621 921 1711 958 130.
1727 918 1926 969 millibus,
1944 917 2248 959 nobilissimum

1370 981 1459 1032 egit
1479 981 1754 1033 triumphum.
1813 982 1950 1021 Paulo
1971 987 2068 1032 post
2088 982 2251 1022 Censor

1369 1044 1543 1096 reliquit
1563 1054 1607 1082 x.
1637 1043 1768 1083 filium
1790 1043 1842 1083 ab
1869 1043 2011 1094 avitis,
2039 1044 2250 1096 paternis-

1370 1117 1451 1159 que
1483 1106 1678 1146 laudibus
1711 1106 1987 1158 degenerem,
2022 1107 2092 1147 cui
2124 1107 2252 1148 Pom·

1369 1170 1489 1221 peius
1508 1171 1678 1210 Praetor
1703 1170 1823 1210 bonis
1852 1169 2105 1211 interdixit:
2135 1172 2249 1211 Allo-

1370 1231 1545 1284 brogico
1565 1231 1702 1272 frater
1722 1238 1816 1272 erat
1836 1233 2040 1284 Quintus,
2067 1233 2121 1274 ob
2148 1245 2250 1273 can-

1369 1295 1516 1335 dorem
1543 1296 1744 1336 Eburnus
1773 1297 2111 1349 cognominatus,
2139 1296 2249 1337 Con-

1368 1361 1432 1399 sul
1453 1372 1563 1399 auno
1589 1363 1684 1400 637.

1425 1435 1487 1464 vl.
1514 1423 1691 1462 Marcus
1724 1421 1882 1462 Fabius
1914 1422 2184 1463 Cunctatoris
2203 1422 2253 1463 fi-

1366 1486 1464 1537 lius,
1494 1486 1590 1525 vivo
1623 1486 1751 1526 etiam
1780 1491 1870 1525 tum
1900 1491 2024 1538 patre
2043 1492 2251 1541 mortuns,

1369 1553 1570 1599 nepotem
1607 1559 1691 1588 vu.
1719 1546 1954 1600 adoptione
1987 1542 2258 1591 filiishabuit

1371 1622 1475 1651 vnr.
1523 1611 1729 1652 Quintum
1751 1611 1931 1651 Fabium
1950 1611 2250 1663 Servilianum,

1370 1674 1442 1726 qui
1464 1673 1619 1713 Consul
1639 1685 1746 1713 anno
1763 1677 1856 1714 611.
1885 1674 2012 1714 rebus
2032 1675 2076 1714 in
2096 1675 2252 1727 Hispa-

1371 1737 1441 1776 nia
1461 1749 1667 1789 prospere
1698 1738 1828 1789 gestis
1857 1737 1956 1777 ideo
1977 1739 2085 1778 male
2105 1738 2254 1789 audiit,

1373 1799 1485 1852 quod
1507 1812 1658 1851 pacem
1679 1812 1774 1840 curn
1788 1801 1985 1842 Viriatho
2007 1802 2138 1854 aequis
2158 1814 2255 1842 eon-

1373 1861 1608 1902 ditionibus
1658 1862 1851 1902 iniisset:
1899 1869 2051 1914 postea
2109 1868 2255 1909 tamen

1375 1926 1536 1966 Censor
1555 1924 1694 1964 factus
1716 1931 1797 1973 est.
1842 1926 1986 1978 Fabii,
2016 1928 2084 1966 vel
2110 1926 2254 1967 Servi-

1374 1989 1476 2028 liani
1514 1989 1583 2028 vel
1617 1988 1795 2040 Eburni,
1837 1990 1965 2042 aliter
2007 1989 2122 2030 enim
2162 1990 2255 2030 aliis

1377 2051 1563 2101 videtur,
1606 2056 1785 2102 nepotes
1837 2051 2013 2092 fuerunt
2060 2058 2148 2093 tres
2195 2054 2258 2093 illi

1376 2114 1499 2154 Fabii
1517 2114 1594 2154 sub
1615 2114 1856 2155 Caesaribus
1878 2116 2102 2167 Consules,
2119 2117 2255 2159 Quin-

1375 2182 1443 2217 tus
1476 2189 1584 2216 anno
1621 2180 1715 2216 708.
1747 2177 1946 2231 illiusque
1982 2178 2055 2218 filii
2094 2175 2256 2220 Paulus

1375 2253 1484 2280 anno
1522 2243 1617 2280 742.
1665 2246 1711 2280 et
1754 2242 1941 2284 Quintus
1979 2246 2074 2283 743.
2145 2245 2255 2286 Quae

1378 2315 1479 2343 vero
1517 2315 1569 2342 ex
1609 2302 1840 2343 Fabiorum
1881 2305 2016 2356 stirpe
2058 2306 2259 2357 prognati

1376 2367 1461 2406 sint
1494 2366 1616 2405 Fabii
1654 2366 1876 2406 Buteones
1909 2367 2114 2407 Consules
2146 2379 2257 2408 anno

1376 2434 1470 2470 506.
1492 2434 1535 2468 et
1553 2432 1647 2471 508.
1669 2428 1910 2478 et,Licinus
1931 2442 2043 2471 anuo
2062 2434 2156 2472 507.
2183 2431 2258 2471 01)-

1377 2504 1548 2532 scurum
1568 2497 1645 2532 est.

1020 2723 1254 2786 GENS
1325 2721 1434 2781 FU
1446 2721 1674 2780 LVIA.

489 2846 613 2886 Gaas
633 2845 782 2886 Fulvia
801 2845 987 2884 Tusculo
1009 2843 1204 2894 oriunda,
1240 2841 1316 2881 tri-

435 2910 512 2949 bus
552 2909 816 2962 potissimum
870 2907 1189 2958 cognominibus
1229 2906 1314 2945 dis-

435 2974 574 3013 tincta
621 2972 719 3024 fuit,
764 2972 1020 3021 Centumali,
1066 2970 1226 3018 Flacci,
1268 2974 1314 3008 et

435 3037 687 3078 Nobilioris.
744 3037 781 3074 E
802 3034 1066 3074 Centumalis
1096 3039 1180 3072 tres
1202 3033 1313 3072 Con-

435 3100 664 3148 sumtibus,
692 3099 775 3139 duo
808 3097 1031 3148 triumphis
1050 3097 1215 3136 nobiles
1239 3108 1312 3135 ex-

436 3164 635 3216 titerunt,
663 3162 814 3216 quibus
837 3160 1031 3201 omnibus
1054 3160 1208 3202 Cneius
1238 3171 1311 3198 no-

1382 2849 1477 2877 men
1499 2837 1718 2889 proprium
1739 2835 1845 2886 fuit;
1874 2847 1979 2876 unus
1998 2836 2154 2876 Consul
2189 2849 2260 2877 an-

1381 2911 1436 2938 no
1473 2901 1570 2938 455.
1600 2899 1651 2936 de
1684 2898 1964 2946 Samnitibus,
1998 2899 2108 2938 alter
2145 2899 2260 2940 illius

1380 2973 1515 3012 nepos
1534 2972 1645 3000 anno
1665 2963 1759 2999 525.
1776 2960 1830 2999 de
1851 2959 2010 3012 Illyriis
2032 2961 2263 3011 triumpha-

1380 3025 1467 3065 vit:
1512 3025 1631 3076 cujus
1668 3025 1796 3064 etiam
1832 3024 1944 3064 filius
1982 3025 2260 3066 Consulatum

1381 3099 1491 3129 anno
1511 3091 1604 3129 542.
1633 3087 1834 3128 obtinuit.
2175 3094 2179 3098 ‘

1034 3264 1313 3362 FuLVH
1355 3307 1662 3362 FLAccl.
1694 3274 1698 3278 ’

492 3445 525 3473 1.
554 3434 821 3475 M Funvms
837 3435 1050 3475 Pmmus
1066 3435 1224 3475 Consul
1239 3447 1309 3474 an·

439 3508 493 3536 no
507 3499 600 3536 454.
621 3498 727 3538 duos
743 3497 851 3539 filios
869 3498 1060 3550 suscepit
1081 3509 1131 3538 11.
1180 3498 1312 3542 Quin-

1379 3439 1467 3472 tum
1485 3436 1530 3470 et
1549 3443 1603 3472 11.
1634 3432 1827 3472 Marcum
1846 3445 1858 3481 ;
1889 3406 1960 3470 ille
1991 3431 2261 3481 Flaccorum,

1379 3494 1449 3535 hic
1461 3493 1726 3535 Nobiliorum
1741 3495 1943 3548 princeps
1954 3492 2052 3535 fuit.
2071 3494 2262 3534 Primum
