<?xml version="1.0" encoding="UTF-8"?>
<!DOCTYPE html PUBLIC "-//W3C//DTD XHTML 1.0 Transitional//EN"
    "http://www.w3.org/TR/xhtml1/DTD/xhtml1-transitional.dtd">
<html xmlns="http://www.w3.org/1999/xhtml" xml:lang="en" lang="en">
 <head>
  <title>
</title>
<meta http-equiv="Content-Type" content="text/html;charset=utf-8" />
  <meta name='ocr-system' content='tesseract 3.04.00' />
  <meta name='ocr-capabilities' content='ocr_page ocr_carea ocr_par ocr_line ocrx_word'/>
</head>
<body>
  <div class='ocr_page' id='page_1' title='image "./factorumdictorum01valeuoft_0121.png"; bbox 0 0 2352 4022; ppageno 0'>
   <div class='ocr_carea' id='block_1_1' title="bbox 234 664 2005 1014">
    <p class='ocr_par' dir='ltr' id='par_1_1' title="bbox 234 664 2005 1014">
     <span class='ocr_line' id='line_1_1' title="bbox 402 664 1836 770; baseline -0.005 -3"><span class='ocrx_word' id='word_1_1' title='bbox 402 667 1068 770; x_wconf 82' lang='lat' dir='ltr'><strong>VALERII</strong></span> <span class='ocrx_word' id='word_1_2' title='bbox 1173 664 1836 764; x_wconf 84' lang='lat' dir='ltr'>MAXIMI</span> 
     </span>
     <span class='ocr_line' id='line_1_2' title="bbox 234 905 2005 1014; baseline -0.006 -26"><span class='ocrx_word' id='word_1_3' title='bbox 234 912 943 1014; x_wconf 66' lang='lat' dir='ltr'>¹FAc‘roRUM</span> <span class='ocrx_word' id='word_1_4' title='bbox 1066 905 2005 988; x_wconf 80' lang='lat' dir='ltr'>DICTORUMQUE</span> 
     </span>
    </p>
   </div>
   <div class='ocr_carea' id='block_1_2' title="bbox 760 1124 1505 1189">
    <p class='ocr_par' dir='ltr' id='par_1_2' title="bbox 760 1124 1505 1189">
     <span class='ocr_line' id='line_1_3' title="bbox 760 1124 1505 1189; baseline -0.003 -1"><span class='ocrx_word' id='word_1_5' title='bbox 760 1124 1505 1189; x_wconf 85' lang='lat' dir='ltr'><strong>MEMORABILIUM</strong></span> 
     </span>
    </p>
   </div>
   <div class='ocr_carea' id='block_1_3' title="bbox 892 1332 1342 1396">
    <p class='ocr_par' dir='ltr' id='par_1_3' title="bbox 892 1332 1342 1396">
     <span class='ocr_line' id='line_1_4' title="bbox 892 1332 1342 1396; baseline -0.004 0"><span class='ocrx_word' id='word_1_6' title='bbox 892 1332 1145 1396; x_wconf 88' lang='lat' dir='ltr'>LIBRI</span> <span class='ocrx_word' id='word_1_7' title='bbox 1223 1333 1342 1395; x_wconf 91' lang='lat' dir='ltr'>IX.</span> 
     </span>
    </p>
   </div>
   <div class='ocr_carea' id='block_1_4' title="bbox 379 1538 1904 1600">
    <p class='ocr_par' dir='ltr' id='par_1_4' title="bbox 379 1538 1904 1600">
     <span class='ocr_line' id='line_1_5' title="bbox 379 1538 1904 1600; baseline -0.005 0"><span class='ocrx_word' id='word_1_8' title='bbox 379 1546 490 1600; x_wconf 90' lang='lat' dir='ltr'>AD</span> <span class='ocrx_word' id='word_1_9' title='bbox 527 1545 933 1600; x_wconf 88' lang='lat' dir='ltr'><strong>TIBERIUM</strong></span> <span class='ocrx_word' id='word_1_10' title='bbox 973 1543 1375 1598; x_wconf 81' lang='lat' dir='ltr'><strong>CAESAREM</strong></span> <span class='ocrx_word' id='word_1_11' title='bbox 1418 1538 1904 1596; x_wconf 82' lang='lat' dir='ltr'>AUGUSTUM.¹</span> 
     </span>
    </p>
   </div>
   <div class='ocr_carea' id='block_1_5' title="bbox 918 1911 1376 1999">
    <p class='ocr_par' dir='ltr' id='par_1_5' title="bbox 918 1911 1376 1999">
     <span class='ocr_line' id='line_1_6' title="bbox 918 1911 1376 1999; baseline -0.002 0"><span class='ocrx_word' id='word_1_12' title='bbox 918 1911 1376 1999; x_wconf 78' lang='lat' dir='ltr'><strong>PRAEFATIO.</strong></span> 
     </span>
    </p>
   </div>
   <div class='ocr_carea' id='block_1_6' title="bbox 223 2059 2061 2487">
    <p class='ocr_par' dir='ltr' id='par_1_6' title="bbox 223 2059 2061 2487">
     <span class='ocr_line' id='line_1_7' title="bbox 226 2059 2055 2146; baseline -0.002 -12"><span class='ocrx_word' id='word_1_13' title='bbox 226 2059 446 2135; x_wconf 75' lang='lat' dir='ltr'>URBIS</span> <span class='ocrx_word' id='word_1_14' title='bbox 497 2078 739 2132; x_wconf 81' lang='lat' dir='ltr'>Romae2</span> <span class='ocrx_word' id='word_1_15' title='bbox 777 2083 1211 2146; x_wconf 82' lang='lat' dir='ltr'>exterarumque</span> <span class='ocrx_word' id='word_1_16' title='bbox 1262 2078 1506 2146; x_wconf 85' lang='lat' dir='ltr'>gentium</span> <span class='ocrx_word' id='word_1_17' title='bbox 1551 2078 1707 2132; x_wconf 84' lang='lat' dir='ltr'>facta</span> <span class='ocrx_word' id='word_1_18' title='bbox 1760 2077 1926 2131; x_wconf 89' lang='lat' dir='ltr'>simul</span> <span class='ocrx_word' id='word_1_19' title='bbox 1986 2091 2055 2130; x_wconf 83' lang='lat' dir='ltr'>ac</span> 
     </span>
     <span class='ocr_line' id='line_1_8' title="bbox 229 2163 2059 2232; baseline -0.001 -14"><span class='ocrx_word' id='word_1_20' title='bbox 229 2166 386 2218; x_wconf 85' lang='lat' dir='ltr'>dicta</span> <span class='ocrx_word' id='word_1_21' title='bbox 409 2170 717 2219; x_wconf 84' lang='lat' dir='ltr'>memoratu</span> <span class='ocrx_word' id='word_1_22' title='bbox 744 2163 931 2231; x_wconf 82' lang='lat' dir='ltr'>digna,</span> <span class='ocrx_word' id='word_1_23' title='bbox 959 2179 1086 2231; x_wconf 88' lang='lat' dir='ltr'>quae</span> <span class='ocrx_word' id='word_1_24' title='bbox 1113 2163 1263 2232; x_wconf 86' lang='lat' dir='ltr'>apud</span> <span class='ocrx_word' id='word_1_25' title='bbox 1291 2163 1439 2216; x_wconf 84' lang='lat' dir='ltr'>alios</span> <span class='ocrx_word' id='word_1_26' title='bbox 1468 2163 1640 2218; x_wconf 82' lang='lat' dir='ltr'>latius</span> <span class='ocrx_word' id='word_1_27' title='bbox 1677 2163 1882 2217; x_wconf 82' lang='lat' dir='ltr'>diffusa</span> <span class='ocrx_word' id='word_1_28' title='bbox 1905 2168 2059 2226; x_wconf 86' lang='lat' dir='ltr'>sunt,</span> 
     </span>
     <span class='ocr_line' id='line_1_9' title="bbox 228 2248 2057 2319; baseline 0 -17"><span class='ocrx_word' id='word_1_29' title='bbox 228 2262 394 2319; x_wconf 83' lang='lat' dir='ltr'>quam</span> <span class='ocrx_word' id='word_1_30' title='bbox 421 2254 481 2301; x_wconf 88' lang='lat' dir='ltr'>ut</span> <span class='ocrx_word' id='word_1_31' title='bbox 517 2249 753 2301; x_wconf 84' lang='lat' dir='ltr'>breviter</span> <span class='ocrx_word' id='word_1_32' title='bbox 795 2248 1062 2316; x_wconf 84' lang='lat' dir='ltr'>cognosci</span> <span class='ocrx_word' id='word_1_33' title='bbox 1106 2248 1350 2317; x_wconf 87' lang='lat' dir='ltr'>possint,</span> <span class='ocrx_word' id='word_1_34' title='bbox 1377 2250 1450 2302; x_wconf 85' lang='lat' dir='ltr'>ab</span> <span class='ocrx_word' id='word_1_35' title='bbox 1488 2248 1803 2302; x_wconf 87' lang='lat' dir='ltr'><strong>illustribus</strong></span> <span class='ocrx_word' id='word_1_36' title='bbox 1841 2248 2057 2318; x_wconf 57' lang='lat' dir='ltr'>electa?</span> 
     </span>
     <span class='ocr_line' id='line_1_10' title="bbox 229 2333 2061 2401; baseline -0.001 -14"><span class='ocrx_word' id='word_1_37' title='bbox 229 2335 551 2387; x_wconf 76' lang='lat' dir='ltr'>auctoribus</span> <span class='ocrx_word' id='word_1_38' title='bbox 591 2333 830 2401; x_wconf 82' lang='lat' dir='ltr'>deligere</span> <span class='ocrx_word' id='word_1_39' title='bbox 868 2334 1166 2387; x_wconf 83' lang='lat' dir='ltr'>constitui:</span> <span class='ocrx_word' id='word_1_40' title='bbox 1217 2340 1282 2387; x_wconf 86' lang='lat' dir='ltr'>ut</span> <span class='ocrx_word' id='word_1_41' title='bbox 1324 2334 1666 2388; x_wconf 85' lang='lat' dir='ltr'>documenta</span> <span class='ocrx_word' id='word_1_42' title='bbox 1704 2350 1922 2387; x_wconf 87' lang='lat' dir='ltr'>sumere</span> <span class='ocrx_word' id='word_1_43' title='bbox 1960 2350 2061 2387; x_wconf 89' lang='lat' dir='ltr'>vo-</span> 
     </span>
     <span class='ocr_line' id='line_1_11' title="bbox 223 2416 2061 2487; baseline 0.001 -16"><span class='ocrx_word' id='word_1_44' title='bbox 223 2418 469 2472; x_wconf 87' lang='lat' dir='ltr'>lentibus</span> <span class='ocrx_word' id='word_1_45' title='bbox 493 2419 670 2486; x_wconf 84' lang='lat' dir='ltr'>longae</span> <span class='ocrx_word' id='word_1_46' title='bbox 698 2416 1076 2487; x_wconf 87' lang='lat' dir='ltr'>inquisitionis</span> <span class='ocrx_word' id='word_1_47' title='bbox 1101 2419 1259 2472; x_wconf 85' lang='lat' dir='ltr'>labor</span> <span class='ocrx_word' id='word_1_48' title='bbox 1284 2420 1470 2473; x_wconf 57' lang='lat' dir='ltr'>absit!</span> <span class='ocrx_word' id='word_1_49' title='bbox 1545 2420 1671 2474; x_wconf 86' lang='lat' dir='ltr'>Neo</span> <span class='ocrx_word' id='word_1_50' title='bbox 1696 2419 1833 2472; x_wconf 89' lang='lat' dir='ltr'>mihi</span> <span class='ocrx_word' id='word_1_51' title='bbox 1859 2424 2061 2472; x_wconf 83' lang='lat' dir='ltr'>cuncta</span> 
     </span>
    </p>
   </div>
   <div class='ocr_carea' id='block_1_7' title="bbox 234 2571 2061 2678">
    <p class='ocr_par' dir='ltr' id='par_1_7' title="bbox 234 2571 2061 2678">
     <span class='ocr_line' id='line_1_12' title="bbox 282 2571 2061 2634; baseline 0.001 -23"><span class='ocrx_word' id='word_1_52' title='bbox 282 2579 302 2599; x_wconf 76' lang='lat'>⁸</span> <span class='ocrx_word' id='word_1_53' title='bbox 333 2572 406 2634; x_wconf 57' lang='lat' dir='ltr'>Ut,</span> <span class='ocrx_word' id='word_1_54' title='bbox 432 2571 500 2624; x_wconf 81' lang='lat' dir='ltr'>qui</span> <span class='ocrx_word' id='word_1_55' title='bbox 516 2571 679 2624; x_wconf 78' lang='lat' dir='ltr'>cupiunt</span> <span class='ocrx_word' id='word_1_56' title='bbox 697 2571 845 2612; x_wconf 78' lang='lat' dir='ltr'>discere</span> <span class='ocrx_word' id='word_1_57' title='bbox 864 2572 1043 2624; x_wconf 81' lang='lat' dir='ltr'>exempla</span> <span class='ocrx_word' id='word_1_58' title='bbox 1058 2571 1268 2623; x_wconf 76' lang='lat' dir='ltr'>virtutum,</span> <span class='ocrx_word' id='word_1_59' title='bbox 1296 2572 1340 2613; x_wconf 83' lang='lat' dir='ltr'>id</span> <span class='ocrx_word' id='word_1_60' title='bbox 1354 2571 1505 2625; x_wconf 75' lang='lat' dir='ltr'>possint</span> <span class='ocrx_word' id='word_1_61' title='bbox 1533 2572 1619 2613; x_wconf 79' lang='lat' dir='ltr'>sine</span> <span class='ocrx_word' id='word_1_62' title='bbox 1649 2583 1792 2623; x_wconf 77' lang='lat' dir='ltr'>magno</span> <span class='ocrx_word' id='word_1_63' title='bbox 1818 2571 1946 2613; x_wconf 79' lang='lat' dir='ltr'>labore</span> <span class='ocrx_word' id='word_1_64' title='bbox 1971 2584 2061 2613; x_wconf 82' lang='lat' dir='ltr'>con-</span> 
     </span>
     <span class='ocr_line' id='line_1_13' title="bbox 234 2638 358 2678; baseline 0 -12"><span class='ocrx_word' id='word_1_65' title='bbox 234 2638 358 2678; x_wconf 72' lang='lat' dir='ltr'>sequi.</span> 
     </span>
    </p>
   </div>
   <div class='ocr_carea' id='block_1_8' title="bbox 994 2702 1296 2719">
    <p class='ocr_par' dir='ltr' id='par_1_8' title="bbox 994 2702 1296 2719">
     <span class='ocr_line' id='line_1_14' title="bbox 994 2702 1296 2719; baseline 0.003 -1"><span class='ocrx_word' id='word_1_66' title='bbox 994 2702 1296 2719; x_wconf 56' lang='lat' dir='ltr'>OOOOOOOOOOO</span> 
     </span>
    </p>
   </div>
   <div class='ocr_carea' id='block_1_9' title="bbox 227 2783 2065 3589">
    <p class='ocr_par' dir='ltr' id='par_1_9' title="bbox 227 2783 2065 3589">
     <span class='ocr_line' id='line_1_15' title="bbox 286 2783 2061 2834; baseline 0 -8"><span class='ocrx_word' id='word_1_67' title='bbox 286 2789 307 2826; x_wconf 82' lang='lat'><em>1</em></span> <span class='ocrx_word' id='word_1_68' title='bbox 343 2784 493 2826; x_wconf 84' lang='lat' dir='ltr'>Valerii</span> <span class='ocrx_word' id='word_1_69' title='bbox 513 2783 687 2824; x_wconf 77' lang='lat' dir='ltr'>Maximi</span> <span class='ocrx_word' id='word_1_70' title='bbox 705 2785 907 2834; x_wconf 75' lang='lat' dir='ltr'>foetorum</span> <span class='ocrx_word' id='word_1_71' title='bbox 925 2797 971 2824; x_wconf 79' lang='lat' dir='ltr'>ao</span> <span class='ocrx_word' id='word_1_72' title='bbox 996 2784 1194 2825; x_wconf 82' lang='lat' dir='ltr'>dictorum</span> <span class='ocrx_word' id='word_1_73' title='bbox 1226 2785 1533 2827; x_wconf 80' lang='lat' dir='ltr'>memorabilium</span> <span class='ocrx_word' id='word_1_74' title='bbox 1557 2784 1678 2826; x_wconf 73' lang='lat' dir='ltr'>Urbis</span> <span class='ocrx_word' id='word_1_75' title='bbox 1710 2785 1847 2826; x_wconf 82' lang='lat' dir='ltr'>Romae</span> <span class='ocrx_word' id='word_1_76' title='bbox 1877 2789 2061 2826; x_wconf 74' lang='lat' dir='ltr'>extem-</span> 
     </span>
     <span class='ocr_line' id='line_1_16' title="bbox 229 2838 2064 2892; baseline 0 -13"><span class='ocrx_word' id='word_1_77' title='bbox 229 2850 390 2892; x_wconf 74' lang='lat' dir='ltr'>rumque</span> <span class='ocrx_word' id='word_1_78' title='bbox 404 2840 583 2890; x_wconf 74' lang='lat' dir='ltr'>gentium</span> <span class='ocrx_word' id='word_1_79' title='bbox 601 2838 744 2890; x_wconf 72' lang='lat' dir='ltr'>incipit</span> <span class='ocrx_word' id='word_1_80' title='bbox 763 2838 863 2879; x_wconf 79' lang='lat' dir='ltr'>tiber</span> <span class='ocrx_word' id='word_1_81' title='bbox 889 2841 1043 2890; x_wconf 76' lang='lat' dir='ltr'>primus</span> <span class='ocrx_word' id='word_1_82' title='bbox 1067 2841 1118 2878; x_wconf 84' lang='lat' dir='ltr'>od</span> <span class='ocrx_word' id='word_1_83' title='bbox 1137 2840 1400 2879; x_wconf 78' lang='lat' dir='ltr'>Octavianum</span> <span class='ocrx_word' id='word_1_84' title='bbox 1420 2841 1522 2892; x_wconf 82' lang='lat' dir='ltr'>Imp.</span> <span class='ocrx_word' id='word_1_85' title='bbox 1542 2840 1588 2880; x_wconf 87' lang='lat' dir='ltr'>in</span> <span class='ocrx_word' id='word_1_86' title='bbox 1609 2841 1724 2880; x_wconf 89' lang='lat' dir='ltr'>Mur.</span> <span class='ocrx_word' id='word_1_87' title='bbox 1754 2839 1892 2880; x_wconf 84' lang='lat' dir='ltr'>Publii</span> <span class='ocrx_word' id='word_1_88' title='bbox 1912 2840 2064 2881; x_wconf 76' lang='lat' dir='ltr'>Valerii</span> 
     </span>
     <span class='ocr_line' id='line_1_17' title="bbox 230 2891 2065 2946; baseline 0 -13"><span class='ocrx_word' id='word_1_89' title='bbox 230 2893 409 2934; x_wconf 77' lang='lat' dir='ltr'>Maximi</span> <span class='ocrx_word' id='word_1_90' title='bbox 438 2891 601 2932; x_wconf 88' lang='lat' dir='ltr'>Medic.</span> <span class='ocrx_word' id='word_1_91' title='bbox 624 2896 664 2932; x_wconf 85' lang='grc'>2.</span> <span class='ocrx_word' id='word_1_92' title='bbox 695 2893 826 2932; x_wconf 77' lang='lat' dir='ltr'>Marci</span> <span class='ocrx_word' id='word_1_93' title='bbox 853 2893 1005 2933; x_wconf 81' lang='lat' dir='ltr'>Valerii</span> <span class='ocrx_word' id='word_1_94' title='bbox 1025 2894 1201 2932; x_wconf 80' lang='lat' dir='ltr'>Maximi</span> <span class='ocrx_word' id='word_1_95' title='bbox 1223 2894 1344 2934; x_wconf 88' lang='lat' dir='ltr'>Leid.</span> <span class='ocrx_word' id='word_1_96' title='bbox 1367 2897 1405 2935; x_wconf 90' lang='grc'>1.</span> <span class='ocrx_word' id='word_1_97' title='bbox 1439 2895 1578 2934; x_wconf 84' lang='lat' dir='ltr'>ceteri</span> <span class='ocrx_word' id='word_1_98' title='bbox 1610 2905 1759 2934; x_wconf 89' lang='lat' dir='ltr'>omnes</span> <span class='ocrx_word' id='word_1_99' title='bbox 1793 2893 1920 2934; x_wconf 89' lang='lat' dir='ltr'><strong>codd.</strong></span> <span class='ocrx_word' id='word_1_100' title='bbox 1954 2906 2065 2946; x_wconf 85' lang='lat' dir='ltr'>prae-</span> 
     </span>
     <span class='ocr_line' id='line_1_18' title="bbox 227 2946 2063 3000; baseline 0.001 -14"><span class='ocrx_word' id='word_1_101' title='bbox 227 2958 381 2987; x_wconf 79' lang='lat' dir='ltr'>nomeu</span> <span class='ocrx_word' id='word_1_102' title='bbox 402 2959 572 2998; x_wconf 82' lang='lat' dir='ltr'>prorsus</span> <span class='ocrx_word' id='word_1_103' title='bbox 593 2946 812 2987; x_wconf 84' lang='lat' dir='ltr'>omittunt.</span> <span class='ocrx_word' id='word_1_104' title='bbox 840 2947 953 2986; x_wconf 88' lang='lat' dir='ltr'>Vide</span> <span class='ocrx_word' id='word_1_105' title='bbox 976 2946 1088 2988; x_wconf 78' lang='lat' dir='ltr'>Lud.</span> <span class='ocrx_word' id='word_1_106' title='bbox 1111 2948 1307 2988; x_wconf 83' lang='lat' dir='ltr'>Carrion.</span> <span class='ocrx_word' id='word_1_107' title='bbox 1329 2947 1509 2988; x_wconf 87' lang='lat' dir='ltr'>Emend.</span> <span class='ocrx_word' id='word_1_108' title='bbox 1527 2948 1608 2990; x_wconf 88' lang='lat' dir='ltr'>lib.</span> <span class='ocrx_word' id='word_1_109' title='bbox 1625 2960 1657 2988; x_wconf 87' lang='lat'>1.</span> <span class='ocrx_word' id='word_1_110' title='bbox 1677 2960 1771 3000; x_wconf 86' lang='lat' dir='ltr'><strong>cap.</strong></span> <span class='ocrx_word' id='word_1_111' title='bbox 1791 2951 1835 2989; x_wconf 84' lang='grc'>7.</span> <span class='ocrx_word' id='word_1_112' title='bbox 1855 2953 1901 2988; x_wconf 84' lang='lat' dir='ltr'>et</span> <span class='ocrx_word' id='word_1_113' title='bbox 1917 2947 2063 2987; x_wconf 89' lang='lat' dir='ltr'>Vitam</span> 
     </span>
     <span class='ocr_line' id='line_1_19' title="bbox 230 3000 2063 3054; baseline 0 -14"><span class='ocrx_word' id='word_1_114' title='bbox 230 3001 330 3040; x_wconf 80' lang='lat' dir='ltr'><strong>Val.</strong></span> <span class='ocrx_word' id='word_1_115' title='bbox 351 3000 471 3040; x_wconf 85' lang='lat' dir='ltr'><strong>Max.</strong></span> <span class='ocrx_word' id='word_1_116' title='bbox 490 3000 588 3040; x_wconf 86' lang='lat' dir='ltr'>huic</span> <span class='ocrx_word' id='word_1_117' title='bbox 609 3000 790 3040; x_wconf 86' lang='lat' dir='ltr'>editioni</span> <span class='ocrx_word' id='word_1_118' title='bbox 811 3000 1089 3052; x_wconf 65' lang='lat' dir='ltr'>praemissam.</span> <span class='ocrx_word' id='word_1_119' title='bbox 1144 3001 1482 3053; x_wconf 84' lang='lat' dir='ltr'>Inscriptionem</span> <span class='ocrx_word' id='word_1_120' title='bbox 1513 3002 1693 3054; x_wconf 88' lang='lat' dir='ltr'>Pighius</span> <span class='ocrx_word' id='word_1_121' title='bbox 1723 3001 1830 3042; x_wconf 86' lang='lat' dir='ltr'>fecit</span> <span class='ocrx_word' id='word_1_122' title='bbox 1856 3001 1941 3041; x_wconf 84' lang='lat' dir='ltr'>sic:</span> <span class='ocrx_word' id='word_1_123' title='bbox 1983 3002 2063 3041; x_wconf 85' lang='lat' dir='ltr'>Va-</span> 
     </span>
     <span class='ocr_line' id='line_1_20' title="bbox 231 3053 2063 3107; baseline 0.001 -14"><span class='ocrx_word' id='word_1_124' title='bbox 231 3054 322 3093; x_wconf 84' lang='lat' dir='ltr'>lerii</span> <span class='ocrx_word' id='word_1_125' title='bbox 341 3053 518 3093; x_wconf 80' lang='lat' dir='ltr'>Maximi</span> <span class='ocrx_word' id='word_1_126' title='bbox 534 3055 795 3105; x_wconf 82' lang='lat' dir='ltr'>exemplorum</span> <span class='ocrx_word' id='word_1_127' title='bbox 826 3054 1132 3094; x_wconf 81' lang='lat' dir='ltr'>memorabilium</span> <span class='ocrx_word' id='word_1_128' title='bbox 1164 3055 1263 3095; x_wconf 83' lang='lat' dir='ltr'>liber</span> <span class='ocrx_word' id='word_1_129' title='bbox 1286 3056 1452 3107; x_wconf 79' lang='lat' dir='ltr'>primus.</span> <span class='ocrx_word' id='word_1_130' title='bbox 1507 3056 1706 3096; x_wconf 72' lang='lat' dir='ltr'>Vor&#39;stius</span> <span class='ocrx_word' id='word_1_131' title='bbox 1726 3055 1877 3095; x_wconf 79' lang='lat' dir='ltr'>malit:</span> <span class='ocrx_word' id='word_1_132' title='bbox 1912 3054 2063 3094; x_wconf 77' lang='lat' dir='ltr'>Valerii</span> 
     </span>
     <span class='ocr_line' id='line_1_21' title="bbox 234 3105 2064 3159; baseline 0.001 -13"><span class='ocrx_word' id='word_1_133' title='bbox 234 3107 410 3159; x_wconf 75' lang='lat' dir='ltr'>Maximi</span> <span class='ocrx_word' id='word_1_134' title='bbox 433 3105 636 3155; x_wconf 84' lang='lat' dir='ltr'>factorum</span> <span class='ocrx_word' id='word_1_135' title='bbox 663 3107 930 3158; x_wconf 84' lang='lat' dir='ltr'>dictorumque</span> <span class='ocrx_word' id='word_1_136' title='bbox 959 3109 1270 3148; x_wconf 81' lang='lat' dir='ltr'>memorabilium</span> <span class='ocrx_word' id='word_1_137' title='bbox 1302 3109 1414 3150; x_wconf 76' lang='lat' dir='ltr'>liber.</span> <span class='ocrx_word' id='word_1_138' title='bbox 1470 3109 1634 3150; x_wconf 73' lang='lat' dir='ltr'>Brund.</span> <span class='ocrx_word' id='word_1_139' title='bbox 1670 3113 1710 3150; x_wconf 91' lang='lat' dir='ltr'>l.</span> <span class='ocrx_word' id='word_1_140' title='bbox 1748 3109 1879 3148; x_wconf 82' lang='lat' dir='ltr'>habet</span> <span class='ocrx_word' id='word_1_141' title='bbox 1913 3106 2064 3148; x_wconf 82' lang='lat' dir='ltr'>Valerii</span> 
     </span>
     <span class='ocr_line' id='line_1_22' title="bbox 235 3161 2060 3216; baseline 0.001 -15"><span class='ocrx_word' id='word_1_142' title='bbox 235 3161 412 3201; x_wconf 69' lang='lat' dir='ltr'>Maxime·</span> <span class='ocrx_word' id='word_1_143' title='bbox 431 3162 633 3210; x_wconf 78' lang='lat' dir='ltr'>santorum</span> <span class='ocrx_word' id='word_1_144' title='bbox 665 3164 704 3200; x_wconf 79' lang='lat' dir='ltr'>et</span> <span class='ocrx_word' id='word_1_145' title='bbox 737 3161 930 3200; x_wconf 84' lang='lat' dir='ltr'>dictorum</span> <span class='ocrx_word' id='word_1_146' title='bbox 959 3163 1266 3203; x_wconf 76' lang='lat' dir='ltr'>memorabilium</span> <span class='ocrx_word' id='word_1_147' title='bbox 1292 3164 1389 3203; x_wconf 86' lang='lat' dir='ltr'>liber</span> <span class='ocrx_word' id='word_1_148' title='bbox 1413 3163 1568 3216; x_wconf 78' lang='lat' dir='ltr'>primus</span> <span class='ocrx_word' id='word_1_149' title='bbox 1594 3163 1736 3215; x_wconf 80' lang='lat' dir='ltr'>incipit</span> <span class='ocrx_word' id='word_1_150' title='bbox 1745 3175 1761 3210; x_wconf 90' lang='grc'>,·</span> <span class='ocrx_word' id='word_1_151' title='bbox 1791 3168 1835 3202; x_wconf 84' lang='lat' dir='ltr'>et</span> <span class='ocrx_word' id='word_1_152' title='bbox 1854 3161 1915 3201; x_wconf 83' lang='lat' dir='ltr'>sic</span> <span class='ocrx_word' id='word_1_153' title='bbox 1935 3162 2060 3203; x_wconf 87' lang='lat' dir='ltr'>multi</span> 
     </span>
     <span class='ocr_line' id='line_1_23' title="bbox 231 3213 2064 3270; baseline 0.001 -15"><span class='ocrx_word' id='word_1_154' title='bbox 231 3213 360 3256; x_wconf 83' lang='lat' dir='ltr'>codd.</span> <span class='ocrx_word' id='word_1_155' title='bbox 379 3214 660 3267; x_wconf 79' lang='lat' dir='ltr'>probantibus</span> <span class='ocrx_word' id='word_1_156' title='bbox 681 3214 836 3254; x_wconf 90' lang='lat' dir='ltr'>Colero</span> <span class='ocrx_word' id='word_1_157' title='bbox 856 3221 901 3254; x_wconf 77' lang='lat' dir='ltr'>et</span> <span class='ocrx_word' id='word_1_158' title='bbox 914 3215 1104 3255; x_wconf 84' lang='lat' dir='ltr'>Vorstio.</span> <span class='ocrx_word' id='word_1_159' title='bbox 1163 3216 1310 3256; x_wconf 87' lang='lat' dir='ltr'>Codex</span> <span class='ocrx_word' id='word_1_160' title='bbox 1331 3217 1438 3270; x_wconf 88' lang='lat' dir='ltr'>Cop.</span> <span class='ocrx_word' id='word_1_161' title='bbox 1465 3222 1679 3270; x_wconf 83' lang='lat' dir='ltr'>praeterea</span> <span class='ocrx_word' id='word_1_162' title='bbox 1708 3216 1852 3256; x_wconf 78' lang='lat' dir='ltr'>addit:</span> <span class='ocrx_word' id='word_1_163' title='bbox 1879 3216 2064 3256; x_wconf 81' lang='lat' dir='ltr'>domesti-</span> 
     </span>
     <span class='ocr_line' id='line_1_24' title="bbox 231 3268 2061 3322; baseline 0.001 -13"><span class='ocrx_word' id='word_1_164' title='bbox 231 3281 364 3310; x_wconf 78' lang='lat' dir='ltr'>carum</span> <span class='ocrx_word' id='word_1_165' title='bbox 391 3272 688 3319; x_wconf 77' lang='lat' dir='ltr'>exterarumque</span> <span class='ocrx_word' id='word_1_166' title='bbox 712 3268 985 3318; x_wconf 65' lang='lat' dir='ltr'>gentium—2</span> <span class='ocrx_word' id='word_1_167' title='bbox 1014 3269 1160 3321; x_wconf 85' lang='lat' dir='ltr'>Populi</span> <span class='ocrx_word' id='word_1_168' title='bbox 1181 3271 1351 3310; x_wconf 78' lang='lat' dir='ltr'>Romani</span> <span class='ocrx_word' id='word_1_169' title='bbox 1378 3275 1673 3322; x_wconf 70' lang='lat' dir='ltr'>exterarumque</span> <span class='ocrx_word' id='word_1_170' title='bbox 1690 3270 1786 3310; x_wconf 90' lang='lat' dir='ltr'>Sus.</span> <span class='ocrx_word' id='word_1_171' title='bbox 1806 3275 1851 3308; x_wconf 87' lang='lat' dir='ltr'>et</span> <span class='ocrx_word' id='word_1_172' title='bbox 1873 3268 1999 3310; x_wconf 89' lang='lat' dir='ltr'>Rem.</span> <span class='ocrx_word' id='word_1_173' title='bbox 2019 3273 2061 3310; x_wconf 86' lang='lat'>2.</span> 
     </span>
     <span class='ocr_line' id='line_1_25' title="bbox 232 3321 2060 3375; baseline 0.001 -12"><span class='ocrx_word' id='word_1_174' title='bbox 232 3321 408 3364; x_wconf 78' lang='lat' dir='ltr'>nudein</span> <span class='ocrx_word' id='word_1_175' title='bbox 427 3323 492 3362; x_wconf 81' lang='lat' dir='ltr'>ed.</span> <span class='ocrx_word' id='word_1_176' title='bbox 512 3322 669 3373; x_wconf 84' lang='lat' dir='ltr'>Pighii‚</span> <span class='ocrx_word' id='word_1_177' title='bbox 689 3322 828 3363; x_wconf 81' lang='lat' dir='ltr'>Coler.</span> <span class='ocrx_word' id='word_1_178' title='bbox 847 3323 979 3374; x_wconf 85' lang='lat' dir='ltr'>Thys.</span> <span class='ocrx_word' id='word_1_179' title='bbox 998 3322 1156 3375; x_wconf 78' lang='lat' dir='ltr'>Delph.</span> <span class='ocrx_word' id='word_1_180' title='bbox 1191 3330 1236 3364; x_wconf 87' lang='lat' dir='ltr'>et</span> <span class='ocrx_word' id='word_1_181' title='bbox 1264 3326 1368 3364; x_wconf 86' lang='lat' dir='ltr'>alias</span> <span class='ocrx_word' id='word_1_182' title='bbox 1398 3323 1539 3365; x_wconf 88' lang='lat' dir='ltr'>fluxit.</span> <span class='ocrx_word' id='word_1_183' title='bbox 1596 3325 1799 3365; x_wconf 85' lang='lat' dir='ltr'>Nostram</span> <span class='ocrx_word' id='word_1_184' title='bbox 1827 3323 1931 3364; x_wconf 88' lang='lat' dir='ltr'>lect.</span> <span class='ocrx_word' id='word_1_185' title='bbox 1958 3335 2060 3365; x_wconf 87' lang='lat' dir='ltr'>con-</span> 
     </span>
     <span class='ocr_line' id='line_1_26' title="bbox 234 3374 2064 3430; baseline 0.002 -15"><span class='ocrx_word' id='word_1_186' title='bbox 234 3374 404 3415; x_wconf 77' lang='lat' dir='ltr'>firmant</span> <span class='ocrx_word' id='word_1_187' title='bbox 422 3375 584 3415; x_wconf 87' lang='lat' dir='ltr'>Brand.</span> <span class='ocrx_word' id='word_1_188' title='bbox 605 3379 642 3415; x_wconf 88' lang='lat'>1.</span> <span class='ocrx_word' id='word_1_189' title='bbox 662 3379 702 3416; x_wconf 82' lang='lat'>2.</span> <span class='ocrx_word' id='word_1_190' title='bbox 725 3375 883 3428; x_wconf 85' lang='lat' dir='ltr'>aliique</span> <span class='ocrx_word' id='word_1_191' title='bbox 905 3376 1029 3416; x_wconf 81' lang='lat' dir='ltr'>codd.</span> <span class='ocrx_word' id='word_1_192' title='bbox 1050 3389 1145 3417; x_wconf 90' lang='lat' dir='ltr'>cum</span> <span class='ocrx_word' id='word_1_193' title='bbox 1161 3378 1265 3418; x_wconf 89' lang='lat' dir='ltr'>Vet.</span> <span class='ocrx_word' id='word_1_194' title='bbox 1294 3377 1415 3430; x_wconf 87' lang='lat' dir='ltr'>Mog.</span> <span class='ocrx_word' id='word_1_195' title='bbox 1435 3379 1616 3419; x_wconf 90' lang='lat' dir='ltr'>Venett.</span> <span class='ocrx_word' id='word_1_196' title='bbox 1652 3376 1783 3416; x_wconf 88' lang='lat' dir='ltr'>Aldd.</span> <span class='ocrx_word' id='word_1_197' title='bbox 1815 3375 1985 3429; x_wconf 84' lang='lat' dir='ltr'>Gryph.</span> <span class='ocrx_word' id='word_1_198' title='bbox 2018 3383 2064 3418; x_wconf 90' lang='lat' dir='ltr'>et</span> 
     </span>
     <span class='ocr_line' id='line_1_27' title="bbox 234 3428 2061 3483; baseline 0.002 -16"><span class='ocrx_word' id='word_1_199' title='bbox 234 3428 463 3480; x_wconf 59' lang='lat' dir='ltr'>steph-3</span> <span class='ocrx_word' id='word_1_200' title='bbox 494 3429 663 3481; x_wconf 81' lang='lat' dir='ltr'>Lipsius</span> <span class='ocrx_word' id='word_1_201' title='bbox 681 3430 802 3469; x_wconf 82' lang='lat' dir='ltr'>malit</span> <span class='ocrx_word' id='word_1_202' title='bbox 816 3433 936 3470; x_wconf 78' lang='lat' dir='ltr'>electa</span> <span class='ocrx_word' id='word_1_203' title='bbox 953 3430 1125 3472; x_wconf 83' lang='lat' dir='ltr'>delere:</span> <span class='ocrx_word' id='word_1_204' title='bbox 1155 3432 1371 3471; x_wconf 87' lang='lat' dir='ltr'>Meursius</span> <span class='ocrx_word' id='word_1_205' title='bbox 1392 3432 1518 3483; x_wconf 88' lang='lat' dir='ltr'>legit:</span> <span class='ocrx_word' id='word_1_206' title='bbox 1549 3432 1670 3471; x_wconf 81' lang='lat' dir='ltr'>electa</span> <span class='ocrx_word' id='word_1_207' title='bbox 1690 3459 1702 3472; x_wconf 90' lang='lat'><strong>.</strong></span> <span class='ocrx_word' id='word_1_208' title='bbox 1721 3458 1732 3470; x_wconf 84' lang='lat'><strong>.</strong></span> <span class='ocrx_word' id='word_1_209' title='bbox 1750 3458 1760 3470; x_wconf 90' lang='lat'>.</span> <span class='ocrx_word' id='word_1_210' title='bbox 1781 3430 1961 3479; x_wconf 83' lang='lat' dir='ltr'>digerere</span> <span class='ocrx_word' id='word_1_211' title='bbox 1973 3444 1988 3477; x_wconf 86' lang='lat'>,·</span> <span class='ocrx_word' id='word_1_212' title='bbox 2015 3437 2061 3471; x_wconf 85' lang='lat' dir='ltr'>et</span> 
     </span>
     <span class='ocr_line' id='line_1_28' title="bbox 233 3482 2059 3536; baseline 0.002 -15"><span class='ocrx_word' id='word_1_213' title='bbox 233 3482 295 3521; x_wconf 77' lang='lat' dir='ltr'>sic</span> <span class='ocrx_word' id='word_1_214' title='bbox 316 3482 426 3534; x_wconf 84' lang='lat' dir='ltr'>conj.</span> <span class='ocrx_word' id='word_1_215' title='bbox 447 3484 512 3522; x_wconf 84' lang='lat' dir='ltr'>vir</span> <span class='ocrx_word' id='word_1_216' title='bbox 530 3482 699 3535; x_wconf 78' lang='lat' dir='ltr'>quidam</span> <span class='ocrx_word' id='word_1_217' title='bbox 719 3484 872 3523; x_wconf 84' lang='lat' dir='ltr'>doctus</span> <span class='ocrx_word' id='word_1_218' title='bbox 886 3484 927 3523; x_wconf 89' lang='lat' dir='ltr'>in</span> <span class='ocrx_word' id='word_1_219' title='bbox 948 3497 1080 3536; x_wconf 84' lang='lat' dir='ltr'>marg.</span> <span class='ocrx_word' id='word_1_220' title='bbox 1110 3485 1277 3526; x_wconf 87' lang='lat' dir='ltr'>Donac.</span> <span class='ocrx_word' id='word_1_221' title='bbox 1332 3485 1563 3524; x_wconf 87' lang='lat' dir='ltr'>Torrenius</span> <span class='ocrx_word' id='word_1_222' title='bbox 1591 3485 1843 3536; x_wconf 85' lang='lat' dir='ltr'>proposuit:</span> <span class='ocrx_word' id='word_1_223' title='bbox 1869 3484 1919 3524; x_wconf 82' lang='lat' dir='ltr'>ab</span> <span class='ocrx_word' id='word_1_224' title='bbox 1950 3486 2059 3524; x_wconf 80' lang='lat' dir='ltr'>illus-</span> 
     </span>
     <span class='ocr_line' id='line_1_29' title="bbox 237 3533 2060 3589; baseline 0.003 -15"><span class='ocrx_word' id='word_1_225' title='bbox 237 3533 363 3576; x_wconf 68' lang='lat' dir='ltr'>tribus</span> <span class='ocrx_word' id='word_1_226' title='bbox 376 3536 481 3576; x_wconf 72' lang='lat' dir='ltr'>edita</span> <span class='ocrx_word' id='word_1_227' title='bbox 497 3536 719 3578; x_wconf 72' lang='lat' dir='ltr'>auctoribus</span> <span class='ocrx_word' id='word_1_228' title='bbox 736 3538 920 3589; x_wconf 81' lang='lat' dir='ltr'>deligere.</span> <span class='ocrx_word' id='word_1_229' title='bbox 978 3538 1225 3580; x_wconf 88' lang='lat' dir='ltr'>Lectionem</span> <span class='ocrx_word' id='word_1_230' title='bbox 1245 3543 1433 3582; x_wconf 83' lang='lat' dir='ltr'>nostram</span> <span class='ocrx_word' id='word_1_231' title='bbox 1451 3537 1661 3580; x_wconf 83' lang='lat' dir='ltr'>exhibent</span> <span class='ocrx_word' id='word_1_232' title='bbox 1690 3550 1837 3579; x_wconf 86' lang='lat' dir='ltr'>omnes</span> <span class='ocrx_word' id='word_1_233' title='bbox 1864 3538 1991 3580; x_wconf 88' lang='lat' dir='ltr'>codd.</span> <span class='ocrx_word' id='word_1_234' title='bbox 2014 3545 2060 3579; x_wconf 88' lang='lat' dir='ltr'>et</span> 
     </span>
    </p>
   </div>
  </div>
 </body>
</html>
