2352 4022
353 276 456 331 120
862 290 1120 330 VALERu
1164 289 1406 329 ΜΑΧιΜι
1450 290 1569 328 Lm.
1610 292 1648 329 1.

351 412 600 464 debiturn
623 412 768 464 votis
785 409 860 448 ³⁶⁰
896 424 1222 461 consecrare
1263 409 1449 471 vellet,
1490 424 1525 460 a
1562 408 1794 476 collegio
1833 409 2162 476 pontificum

349 496 648 563 impeditus
671 500 774 556 est,
811 498 1062 560 negante,
1100 495 1118 519 ‘
1139 508 1302 544 unam
1345 492 1539 544 cellam
1579 492 1799 544 duobus
1844 493 1971 546 Diis
2013 500 2167 546 recte¹

350 579 561 632 dicari.‡
636 578 903 629 Futurum
929 578 1093 640 enim,
1123 579 1173 629 si
1200 578 1334 645 quid
1358 578 1600 645 prodigii
1643 578 1701 628 in
1742 593 1812 629 ea
1844 578 2162 640 accidisset,

348 679 417 715 ne
440 663 862 730 dignosceretur,
888 661 995 712 utri
1021 678 1133 713 rem
1170 661 1416 714 divinam
1443 660 1559 713 fieri
1586 665 1899 729 oporteret:
1937 677 2037 712 nec
2061 661 2163 713 du-

349 748 488 800 obus
513 748 623 799 nisi
658 746 822 798 certis
849 746 1008 797 DiisP
1043 761 1155 798 una
1195 745 1493 798 sacrificari
1537 743 1750 796 solere?
1821 744 1907 796 Ea
1941 744 2164 811 pontifi-

349 848 477 883 cum
504 830 870 883 admonitione
895 829 1147 882 effectum
1171 834 1271 892 est,
1291 836 1355 881 ut
1379 829 1703 891 MarceIIUS,
1730 828 2005 896 separatis
2031 827 2169 880 aedi·

349 917 471 978 buS,
489 907 743 967 'Honoris
764 930 830 966 ac
854 913 1097 966 Virtutis
1119 914 1422 966 simulacra
1447 918 1753 966 statueret.q
1826 912 2024 980 Neque
2069 916 2166 964 aut

349 998 582 1065 collegio
607 997 935 1066 pontificum
961 999 1267 1051 auctoritas
1289 998 1616 1066 amplissimi
1633 998 1758 1061 viri,
1780 1004 1878 1050 aut
1896 995 2167 1049 Marcello

350 1082 588 1151 adjectio
613 1083 880 1152 impensae
902 1083 1297 1150 impedimento
1321 1083 1443 1147 fuit,
1463 1100 1573 1152 quo
1598 1084 1781 1135 minus
1804 1082 2165 1150 religionibus

349 1181 481 1218 suus
505 1171 681 1230 tenor,
708 1182 923 1234 suaque
947 1167 1259 1219 observatio
1286 1167 1615 1221 redderetur.

417 1249 471 1301 9.
511 1249 780 1302 Obruitur
804 1254 887 1303 tot
909 1250 1077 1302 etiam
1093 1256 1135 1290 ³⁷
1173 1251 1480 1304 illustribus
1505 1251 1890 1304 consularibus
1905 1256 1921 1279 ²
1957 1250 2026 1302 L.
2051 1247 2164 1301 Fu-

346 1334 460 1386 rius
486 1334 838 1398 Bibaculus?
861 1336 1220 1405 exemplique
1247 1337 1431 1389 locum
1453 1337 1550 1389 vix
1576 1342 1708 1405 post
1734 1335 2062 1390 Marcellum
2080 1333 2166 1384 in-

348 1415 547 1473 venit.*
620 1420 735 1473 Sed
760 1422 840 1488 pii
868 1421 1033 1474 simul
1059 1438 1126 1475 ac
1152 1422 1398 1490 religiosi
1425 1423 1597 1475 animi
1619 1422 1790 1475 laude
1826 1416 2167 1490 fraudandus

347 1517 455 1554 non
480 1509 599 1556 est:
624 1504 719 1571 qui
745 1508 951 1572 praetor
975 1521 1009 1557 a
1035 1512 1190 1574 patre
1210 1523 1311 1558 suo
1338 1507 1554 1574 collegii
1574 1507 1854 1559 Saliorum
1870 1499 2166 1570 magistro*

340 1586 556 1655 jussae,
578 1603 684 1640 sex
708 1588 1004 1643 lictoribus
1019 1597 1043 1619 ‘¹
1078 1591 1537 1659 praecedentibUS,
1561 1608 1715 1643 arma
1741 1589 1983 1644 anciliav
2008 1585 2165 1640 tulit:

1104 1715 1405 1731 ΟΟΟΟΜΝΝ

348 1782 402 1818 36
428 1779 500 1820 Ita
518 1779 646 1821 codd.
667 1781 828 1822 Brand.
849 1786 894 1821 et
912 1781 1011 1822 edd.
1033 1782 1166 1835 antiq.
1191 1795 1270 1834 pro
1299 1795 1350 1822 eo
1379 1783 1488 1835 quod
1520 1783 1696 1834 Pighius
1727 1787 1771 1822 et
1804 1781 1876 1821 alii
1908 1778 2167 1820 ediderunt:

347 1835 581 1885 nuncupatis
597 1835 699 1875 votis
715 1835 1008 1876 debitum—37
1036 1836 1126 1876 Pro
1145 1840 1204 1876 tot
1223 1838 1343 1876 etiam
1363 1838 1482 1888 Lips.
1512 1837 1622 1888 conj.
1649 1840 1708 1875 tot
1739 1841 1778 1875 et
1809 1839 1904 1874 tam.
1933 1834 2075 1874 Coler.
2109 1834 2170 1870 tot

347 1891 514 1938 tamque.
568 1889 658 1928 Pro
675 1890 941 1929 consularibus
955 1889 1126 1941 Lipsius
1158 1890 1346 1941 conjecit
1374 1890 1651 1937 consulatibus,
1680 1889 1792 1941 quod
1814 1887 1958 1927 Periz.
1993 1891 2038 1925 et
2064 1884 2171 1924 Tor-

349 1941 491 1982 renius
509 1941 639 1983 etiam
659 1943 703 1982 in
722 1943 807 1983 Ms.
826 1943 1094 1984 invenerunt.
1136 1943 1309 1984 Placuit
1326 1943 1587 1984 consulatibus
1606 1951 1774 1997 quoque
1788 1942 1960 1992 Colero,
1979 1939 2171 1991 Guyeto,

1168 2062 1346 2105 No‘rAE

402 2156 421 2176 ⁰
450 2150 700 2203 Nuncupatis
727 2150 899 2193 debitum
916 2152 1037 2204 votis]
1063 2152 1225 2193 Votum
1286 2155 1360 2206 jus
1378 2154 1489 2196 filius
1508 2154 1551 2194 in
1571 2152 1720 2206 praelio
1739 2142 1952 2193 Cannensi
1969 2149 2172 2192 Quaestor

348 2214 527 2265 dupleX,
566 2213 883 2265 conceptivum,
926 2215 1040 2268 quod
1086 2216 1225 2256 animo
1294 2218 1469 2260 cecidit.

348 2280 516 2316 tantum
561 2276 827 2328 concipitur:
874 2278 1225 2329 nuncupativum,
1347 2281 1371 2305 *
1399 2281 1483 2321 An.
1500 2281 1565 2321 M.
1587 2283 1707 2320 3817.
1726 2277 1800 2319 01.
1818 2279 1912 2317 135.
1929 2280 1972 2318 4.
1991 2273 2098 2316 Urb.
2119 2273 2172 2315 C.

351 2339 466 2392 quod
503 2340 759 2392 exprimitur
794 2340 950 2381 verbis.
1003 2341 1090 2383 Qui
1125 2347 1228 2382 vota
1294 2348 1389 2385 516.
1407 2344 1512 2385 Ant.
1532 2344 1610 2384 Ch.
1629 2346 1724 2382 236.

348 2408 688 2455 nuncupassent,
703 2415 754 2443 ea
768 2403 924 2444 libellis
942 2404 1151 2457 inscripta
1165 2404 1226 2445 af·
1348 2408 1361 2434 ί
1386 2406 1582 2447 Saliorum
1620 2403 1827 2456 magistro]
1868 2402 2004 2443 Salios
2036 2400 2112 2441 alii
2147 2412 2174 2442 a

348 2463 542 2517 figebant
559 2465 812 2517 porticibus.
1297 2469 1506 2518 saltando,
1537 2469 1609 2509 alii
1642 2481 1668 2508 a
1691 2468 1803 2508 Salio
1821 2466 2006 2519 quodam
2026 2464 2172 2504 Samo-

406 2533 426 2576 ss
454 2527 539 2569 An.
557 2529 623 2569 M.
641 2531 763 2569 3846.
785 2528 856 2570 01.
879 2532 971 2570 143.
993 2534 1030 2571 1.
1049 2530 1157 2572 Urb.
1179 2531 1228 2572 C.
1297 2534 1461 2583 thrace,
1492 2531 1566 2583 qui
1592 2530 1738 2570 AEneae
1771 2528 1953 2569 comites
1983 2524 2175 2566 saltatio-

351 2594 446 2632 545.
466 2591 570 2634 Ant.
591 2591 670 2633 Ch·
688 2595 782 2633 207.

404 2659 426 2688 1³
447 2654 543 2695 Nisi
555 2655 676 2694 certis
689 2654 802 2707 Diis]
820 2654 1085 2697 Quibusdam
1101 2657 1232 2709 enim,

350 2717 465 2771 quod
484 2719 692 2760 societate
710 2719 893 2771 quadam
923 2719 1039 2759 inter
1068 2731 1114 2760 se
1133 2733 1232 2760 con-

345 2781 492 2833 juncti
522 2781 814 2830 crederentur,
845 2793 930 2821 una
962 2781 1233 2822 sacrificandi

350 2855 443 2884 mos
462 2842 561 2896 fuit,
589 2849 639 2884 ut
659 2844 828 2885 Castori
846 2850 892 2884 et
907 2845 1101 2895 Polluci;
1129 2846 1231 2885 item

353 2903 546 2958 Apollini
565 2911 610 2946 et
627 2906 798 2947 Dianae.

406 2974 427 3004 ‘1
454 2968 676 3023 Sterneret]
703 2961 772 3010 N'e
789 2970 871 3010 hoc
890 2971 1094 3023 templum
1114 2971 1232 3012 dedi-

354 3036 477 3072 caret
511 3044 627 3072 mors
661 3033 891 3084 improvisa
925 3032 1139 3084 impediit,
1177 3046 1233 3073 ex

355 3095 499 3136 Plinio
516 3108 527 3136 :
567 3094 669 3135 dum
705 3095 820 3135 enim
855 3096 1063 3135 tumulum
1095 3096 1232 3136 dumis

353 3159 539 3200 obsitum
562 3160 763 3212 explorat
787 3159 1110 3212 imprudentius,
1135 3161 1232 3200 insi-

354 3223 436 3264 diis
450 3222 675 3263 Annibalis
687 3223 1004 3263 circumventus
1020 3223 1234 3263 occubuit.

410 3294 426 3315 ¹
455 3288 753 3340 Consului-ibus]
779 3288 866 3331 Qui
883 3289 1118 3330 Consulatu
1137 3302 1233 3341 per-

357 3350 497 3392 functi
514 3358 673 3394 essent.

412 3422 427 3442 ⁸
449 3417 591 3458 Furius
603 3417 836 3470 Bibaculus]
852 3416 923 3458 An
937 3430 992 3459 ex
1007 3417 1139 3459 nobili
1155 3418 1236 3457 Fu-

358 3477 519 3520 riorum
539 3485 666 3531 gente
686 3479 834 3534 fuerit,
861 3481 1086 3524 incertum.
1144 3481 1236 3522 Hu-

1296 2608 1395 2635 nem
1427 2594 1624 2635 docuisse
1658 2592 1813 2642 fertur,
1841 2590 1981 2630 dictos
2010 2587 2178 2629 volunt.

1296 2658 1539 2701 Duodecim
1556 2670 1581 2698 a
1599 2658 1742 2698 Numa
1760 2655 1942 2708 primum
1962 2650 2146 2692 instituti
2162 2664 2177 2701 ς

1300 2722 1479 2762 totidem
1499 2719 1667 2760 aTullo
1700 2717 1888 2758 Hostilio
1919 2714 2080 2755 additi:
2109 2712 2175 2753 illi

1299 2783 1504 2834 Palatini,
1539 2782 1582 2822 hi
1615 2794 1717 2822 vero
1752 2779 1910 2821 Collini
1938 2776 2175 2831 appellati:

1301 2850 1452 2901 quibus
1483 2846 1679 2887 omnibus
1706 2844 1889 2896 insignia
1922 2842 2025 2883 data
2059 2845 2176 2890 sunt,

1300 2924 1429 2964 super
1447 2917 1598 2963 pectus
1618 2913 1790 2959 tegmen
1808 2917 2001 2954 aeneum3
2024 2902 2178 2943 dextra

1299 2975 1491 3025 loricam,
1519 2974 1626 3013 laeva
1646 2971 1800 3020 ancile,
1816 2980 1960 3009 ensem
1979 2966 2034 3006 ad
2051 2967 2179 3016 latus,

1300 3038 1343 3077 in
1379 3037 1524 3088 capite
1560 3035 1707 3087 apices
1743 3038 1942 3085 gestare:
1981 3029 2178 3082 jussique

1302 3114 1378 3153 per
1411 3101 1574 3141 Urbem
1613 3097 1802 3138 carmina
1837 3099 2045 3135 canentes
2079 3103 2178 3132 cum

1302 3163 1504 3216 tripudiis
1529 3162 1775 3213 solennique
1792 3159 1905 3198 saltu
1922 3154 2138 3197 incedere.

1355 3234 1374 3254 ¹¹
1400 3225 1641 3276 Lictoribus]
1671 3225 1864 3264 Lictores
1880 3220 2098 3268 dicuntur,
2115 3217 2178 3258 in-

1299 3291 1393 3343 quit
1412 3291 1582 3340 Festus,
1603 3287 1714 3340 quod
1733 3284 1872 3325 fasces
1893 3284 2108 3334 virgarum
2128 3280 2179 3320 li-

1301 3359 1419 3405 gatos
1441 3351 1600 3391 ferant.
1656 3349 1738 3390 His
1758 3346 1978 3397 Consules,
2008 3345 2180 3385 Praeto-

1302 3428 1386 3466 res,
1419 3415 1686 3462 Inter-reges,
1720 3411 1965 3451 Dictator-es
1996 3407 2178 3448 uteban-

1302 3485 1389 3531 tur,
1416 3482 1464 3518 ut
1483 3478 1800 3517 summoverent
1825 3471 2056 3527 populum
2083 3480 2179 3511 son·
