2352 4022
383 334 487 385 142
893 342 1151 381 vALssnu
1197 340 1441 377 ΜΑΧιΜι
1490 341 1675 377 1,113.1.

381 471 578 535 spectu
623 458 891 514 militumf
937 458 1280 525 compleXUS‚
1330 457 1539 519 orabat,
1603 457 1714 508 ‘uti
1758 458 2037 524 promissa
2077 476 2194 514 ma-

381 547 661 603 turaret.'‡

450 635 501 684 4.
542 632 648 696 Qu.
675 627 982 681 Sertoriusg
1018 640 1112 691 per
1137 639 1365 691 asperos
1393 623 1697 677 Lusitaniae
1715 622 1734 653 ¹¹
1778 626 1947 677 colles
1973 644 2195 682 cervam

379 713 584 768 albami
619 713 898 765 trahebat:
939 713 956 736 ‘
977 709 1046 760 ab
1072 725 1138 759 ea
1165 725 1247 770 se,
1292 725 1548 776 quaenam
1587 714 1684 760 aut
1718 709 1936 776 agenda
1972 717 2071 763 aut
2113 715 2195 766 vi-

379 800 549 851 tanda
573 793 791 858 essent,'
814 793 1130 862 praedicans
1159 797 1175 819 ‘
1197 792 1515 845 admoneri.'

1123 931 1448 970 EXTERNA.

446 1036 497 1086 l.
536 1033 758 1086 Minosj
799 1031 1140 1084 Cretensium
1168 1048 1267 1083 rex
1295 1047 1439 1082 nono
1459 1037 1475 1067 ³
1517 1047 1740 1100 quoque
1767 1049 1911 1086 anno
1937 1035 1994 1086 in
2020 1038 2195 1104 quod-

375 1119 503 1172 dam
527 1119 814 1186 praealtum
835 1123 860 1156 4
896 1123 952 1168 et
992 1120 1210 1168 vetusta
1252 1115 1514 1182 religione
1558 1124 1942 1170 consecratum
1984 1123 2194 1188 specus

368 1196 624 1257 secedere
650 1202 888 1255 solebat:
916 1204 970 1253 et
994 1201 1050 1251 in
1071 1217 1138 1252 eo
1164 1205 1430 1262 moratuS,
1455 1207 1722 1269 tanquam
1747 1220 1783 1255 a
1800 1202 1965 1268 Jove,
1992 1221 2104 1273 quo
2131 1223 2190 1258 se

372 1293 550 1340 ortum
574 1282 821 1348 ferebat,¹‘
844 1285 1072 1336 traditas
1099 1284 1210 1335 sibi
1233 1284 1382 1350 leges
1408 1287 1804 1353 praerogabat.⁵
1822 1298 1845 1322 ·

438 1370 493 1423 2.
532 1366 881 1422 Pisistratus¹
905 1369 960 1420 in
983 1366 1364 1436 recuperanda
1379 1369 1711 1437 tyrannide,⁶
1730 1387 1896 1439 quam
1915 1371 2191 1436 amiserat,

1131 1504 1431 1521 O‘O‘MOOOO

368 1600 480 1628 sacra
501 1589 733 1637 forent.—3
763 1590 953 1630 Harlem.
971 1594 1018 1629 et
1044 1593 1152 1641 sept.
1176 1589 1300 1630 Leid.
1325 1602 1350 1630 a
1368 1602 1494 1630 manu
1515 1590 1652 1642 prima
1669 1603 1793 1638 ηουο;
1821 1594 1868 1630 et
1893 1590 1956 1630 sic
1979 1589 2048 1630 ed.
2075 1588 2196 1641 Lips.

371 1643 424 1681 ad
446 1644 565 1694 cujus
585 1644 814 1694 marginem
835 1656 981 1682 manus
999 1643 1128 1683 docta
1147 1644 1349 1695 ascripsit
1367 1657 1477 1684 nono.
1531 1644 1714 1694 Thysius
1731 1650 1885 1684 contra
1914 1655 2079 1684 omnem
2113 1644 2195 1682 his-

370 1697 522 1735 toriam
541 1705 784 1748 unoquoque:
812 1701 857 1737 et
875 1698 934 1736 sic
954 1697 1194 1748 Delph.—-4
1222 1697 1382 1736 Brand.
1416 1698 1459 1737 in
1492 1699 1681 1748 quendam
1710 1698 1920 1749 proealtum
1947 1701 2193 1748 specum—5

369 1748 442 1788 Ita
463 1748 597 1788 Aldus
626 1750 789 1790 edidit:
816 1750 1051 1801 prorogabut
1081 1750 1242 1790 Brand.
1273 1754 1311 1791 1.
1346 1757 1390 1790 et
1418 1752 1559 1790 Bitur.
1591 1750 1704 1802 quod
1738 1750 1894 1802 probat
1929 1749 2196 1799 Perizonius.

369 1802 738 1850 Prorogabat-est:
779 1803 823 1842 in
856 1804 1070 1855 proximos
1099 1817 1289 1856 quosque
1327 1816 1478 1844 novem
1512 1816 1643 1844 annos
1680 1804 1857 1844 decreto
1895 1803 2194 1843 continuabat.

370 1855 515 1895 Ceteri
533 1857 638 1897 Mss.
656 1857 905 1908 perrogabat,
925 1857 1038 1908 quod
1057 1869 1141 1897 non
1160 1857 1337 1898 damnat
1355 1857 1598 1908 Torrenius,
1627 1863 1672 1897 et
1690 1859 1751 1898 sic
1773 1858 1864 1909 jam
1885 1855 2098 1898 Gifanius.
2132 1855 2193 1895 cf.

370 1920 475 1951 vm.
493 1913 532 1951 6.
547 1913 672 1951 4.-6
699 1911 770 1951 Ita
784 1918 953 1964 quoque
971 1910 1133 1951 Brand.
1154 1917 1200 1951 at
1216 1910 1350 1952 Aldd.
1369 1915 1416 1951 et
1434 1911 1622 1963 Herbip.
1653 1911 1696 1950 in
1725 1912 2028 1963 recuperandam
2056 1914 2193 1962 tyran-

1193 2034 1370 2075 NOTAE

425 2121 439 2148 f
455 2123 504 2163 In
523 2128 724 2175 conspectu
742 2124 930 2176 militum]
945 2126 1062 2165 Dum
1084 2127 1136 2166 ad
1155 2139 1252 2178 por-

370 2191 457 2226 tam
495 2186 703 2226 Collinam
737 2200 833 2228 cum
868 2189 1066 2228 Telesino
1089 2190 1249 2229 Samni-

1318 2140 1394 2167 nos
1426 2127 1547 2180 hujus
1566 2139 1707 2166 cervae
1737 2137 1820 2178 ope
1849 2137 1965 2178 saepe
1984 2124 2197 2165 Sertorius

1319 2189 1484 2240 luserit,
1502 2194 1647 2228 narrat
1661 2189 1781 2228 Plut.
1801 2187 1843 2227 in
1863 2187 1976 2228 illius
1995 2187 2102 2228 vita.

373 2249 478 2288 tium
497 2248 605 2289 duce
625 2250 679 2289 de
708 2263 870 2290 summa
905 2263 1045 2292 rerum
1079 2252 1250 2292 dimica-

369 2316 453 2362 ret,
471 2311 574 2350 illud
603 2311 817 2363 Apollinis
845 2314 1009 2366 signum
1030 2316 1249 2354 exoscula-

372 2379 441 2413 tus
477 2379 557 2422 est,
589 2385 686 2413 cum
735 2374 929 2416 diceret:
976 2377 1250 2417 ‘Felicemne

372 2435 618 2474 Cornelium
663 2437 840 2487 Syllam,
898 2438 1030 2490 Pythi
1077 2439 1248 2490 Apollo,

371 2509 495 2550 quem
518 2503 583 2537 tot
599 2497 641 2537 in
662 2499 820 2549 praeliis
849 2501 1092 2551 praestitisti
1116 2502 1248 2541 victo-

371 2571 491 2608 rem;
519 2559 629 2599 hunc
649 2559 693 2599 in
713 2561 852 2600 locum
873 2561 1108 2612 adduxisti,
1127 2570 1176 2602 ut
1204 2564 1246 2602 in

370 2622 468 2673 ipso
487 2622 642 2673 patriae
674 2623 820 2664 limine
850 2636 935 2663 una
964 2637 1056 2664 cum
1088 2625 1250 2665 civibus

372 2686 486 2737 turpi
525 2684 649 2725 clade
688 2685 825 2726 victus
856 2687 1090 2727 caderet?'
1145 2689 1251 2728 Haec

371 2747 494 2788 Plut.
512 2747 554 2786 in
570 2748 700 2800 Sylla.

427 2815 445 2857 ss
464 2810 544 2850 An.
573 2811 634 2850 M.
654 2815 774 2852 3970.
802 2812 874 2853 Ol.
896 2815 987 2853 174.
1008 2816 1047 2852 l.
1066 2812 1171 2852 Urb.
1197 2813 1247 2853 C.

375 2874 470 2911 669.
489 2870 592 2911 Ant.
612 2873 690 2911 Ch.
711 2876 779 2912 83.

426 2943 446 2971 ⁸
467 2937 517 2981 Q.
540 2936 762 2988 Sertorius]
800 2938 1090 2978 Marianarum
1120 2939 1249 2990 parti·

372 3012 442 3039 um
464 2999 551 3039 dux
574 3000 679 3039 nulli
699 3000 927 3052 secundun,
945 3001 1017 3052 qui
1048 3000 1250 3052 despera-

371 3063 425 3102 tis
445 3063 487 3101 in
503 3063 632 3102 Italia
650 3063 776 3102 Marii
798 3064 940 3112 rebus,
959 3075 1012 3102 ex
1031 3062 1134 3115 fuga
1155 3064 1251 3103 HIs-

372 3126 543 3177 partiam
587 3126 829 3178 occupavit.
901 3128 969 3166 De
1015 3127 1088 3166 illo
1136 3139 1251 3179 saepe

375 3201 547 3240 agemus
565 3187 756 3229 inferius.

427 3252 445 3278 ¹²
469 3254 705 3305 Lusitaniae]
739 3254 848 3296 Quae
867 3255 911 3294 id
934 3256 1136 3306 temporis
1156 3255 1247 3294 Du-

373 3317 438 3355 rio
455 3315 627 3357 flumine
647 3330 671 3357 a
687 3318 991 3358 Tarraconensi
1014 3318 1247 3369 provincia,

375 3378 471 3418 Ana
507 3377 635 3419 fluvio
663 3393 688 3420 a
721 3380 885 3421 Baetica
913 3381 1105 3422 discreta
1139 3387 1248 3422 erat.

378 3444 522 3484 Hodie
547 3446 750 3496 Portugal.

428 3505 438 3531 ¹
460 3508 622 3547 Cervam
638 3509 782 3561 albam]
830 3508 1054 3550 Quomodo
1083 3508 1250 3549 Lusita-

1370 2249 1385 2285 3
1402 2252 1555 2302 Minos]
1577 2252 1678 2300 Qui,
1692 2251 1804 2302 quod
1821 2251 1940 2290 vivus
1949 2250 2088 2302 judex
2103 2250 2195 2290 fue-

1319 2314 1377 2353 rit
1424 2314 1608 2364 integer,
1645 2313 1783 2364 judex
1826 2312 1954 2351 etiam
2004 2319 2196 2352 mortuus

1318 2376 1430 2427 apud
1450 2375 1614 2415 Inferos
1633 2388 1657 2414 a
1676 2373 1824 2414 Poetis
1838 2373 2028 2426 fingitur.

1370 2437 1389 2464 k
1411 2439 1497 2484 Quo
1514 2451 1556 2478 se
1572 2442 1700 2477 ortum
1720 2437 1898 2488 ferebat]
1940 2438 2006 2477 Ex
2023 2438 2199 2490 Europa

1318 2506 1362 2541 et
1394 2500 1580 2549 Asterio,
1614 2506 1660 2539 ut
1689 2499 1841 2539 scribit
1867 2499 2109 2551 Eusebius3
2149 2507 2197 2541 ut

1318 2562 1621 2615 Apollodorus,
1650 2574 1703 2601 ex
1723 2561 1832 2603 Jove
1851 2567 1969 2602 ortus
1988 2570 2054 2602 est
2071 2578 2081 2603 ε
2113 2563 2197 2603 fra-

1318 2633 1490 2678 tresque
1510 2625 1570 2664 illi
1589 2625 1765 2665 fuerunt
1797 2625 2119 2669 Radamanthus
2149 2633 2195 2666 et

1320 2688 1557 2738 Sarpedon.

1372 2752 1396 2774 '⁸‘
1416 2751 1500 2792 An.
1520 2753 1583 2793 M.
1604 2756 1723 2792 2650.
1745 2750 1850 2792 Ant.
1873 2754 1949 2793 Ch.
1965 2756 2086 2793 1403.

1371 2812 1657 2864 ¹Pisistratus]
1687 2813 1968 2864 Hippocratis
1989 2813 2118 2866 filius,
2133 2815 2198 2854 vir

1317 2877 1513 2917 doctrina
1547 2882 1592 2916 et
1619 2876 1863 2927 eloquentia
1894 2876 2095 2928 insigniam
2140 2878 2194 2916 de

1318 2953 1418 2992 quo,
1456 2946 1502 2979 ut
1541 2952 1636 2992 quae
1676 2945 1930 2991 sequuntur,
1965 2939 2195 2991 intelligas,

1316 3004 1406 3043 ltaec
1419 3003 1568 3055 paucis
1581 3004 1744 3054 accipe.
1764 3002 2052 3054 'Pyrannidem
2067 3002 2198 3042 Ame-

1319 3068 1385 3106 nis
1421 3074 1488 3106 ter
1524 3066 1769 3119 occupavit,
1808 3067 1990 3117 primum
2025 3065 2196 3117 quidem

1321 3131 1505 3170 omnium
1526 3142 1749 3180 consensu,
1767 3141 1850 3168 uno
1867 3130 2019 3169 Solone
2038 3141 2195 3181 repug-

1318 3199 1472 3232 nante:
1504 3198 1687 3244 quatuor
1719 3198 1817 3243 post
1843 3191 1964 3230 annis
1998 3191 2196 3242 Megadis

1317 3255 1510 3296 factione
1527 3255 1741 3306 dejectus,
1756 3253 1982 3294 conciliato
1997 3253 2076 3293 sibi
2091 3266 2195 3306 nup-

1317 3318 1471 3356 tiarum
1495 3317 1694 3369 pactione
1713 3315 1899 3367 Megade
1928 3315 2096 3366 eodem,
2125 3317 2197 3355 de-

1316 3393 1401 3420 nuo
1423 3392 1501 3431 per
1519 3379 1789 3419 subornatam
1812 3379 1956 3429 specie
1986 3379 2197 3419 Minervae

1317 3445 1533 3483 mulierem
1574 3444 1616 3483 in
1669 3455 1808 3482 arcem
1861 3449 2059 3494 receptus
2100 3448 2166 3481 est
2185 3457 2196 3492 ;

1319 3509 1429 3548 unde
1469 3507 1664 3559 Megadis
1696 3509 2016 3560 conspiratione
2053 3521 2195 3549 rursus
