2346 3952
626 286 938 330 GENTIBUS
981 286 1054 326 ΕΤ
1098 284 1405 327 FAMlmis.

150 413 296 465 thue
316 422 404 450 rem
427 410 575 462 paucis
603 407 871 458 concludam,
888 419 983 459 pos-

98 475 233 515 terior
265 479 372 514 aetas
405 485 430 512 a
462 479 660 512 veterum
694 472 984 511 Romanorum

27 552 31 556 ·
100 536 410 579 consuetudine
431 537 474 575 in
494 537 556 576 his
587 535 754 576 duobus
773 532 982 583 deflexit3

100 602 216 656 quod
262 608 310 641 et
365 601 582 653 proprium
628 599 783 650 cuique
830 610 985 637 nomen

98 664 234 706 fuerit
270 669 417 705 stante
450 661 706 715 Republica,
743 661 858 714 quod
901 661 985 712 pri·

100 739 239 768 mum:
260 739 313 767 ea
324 738 427 768 vero
442 738 608 777 eversa,
628 724 742 778 quod
762 724 983 765 ultimum:

1860 269 1933 323 29

1050 411 1097 447 et
1116 410 1230 446 stata
1258 402 1421 443 fuerint
1441 399 1589 453 primis
1614 399 1734 439 hisce
1766 405 1936 452 tempo-

1052 470 1169 510 ribus
1180 475 1270 509 tum
1283 466 1474 519 gentium
1490 470 1579 503 tum
1597 462 1854 503 familiarum
1865 475 1936 502 vo-

1051 533 1227 582 cabula;
1255 528 1567 584 posterioribus
1586 539 1689 566 vero
1708 538 1796 566 non
1818 527 1937 568 item.

1054 597 1164 636 Haec
1198 595 1328 635 habui
1362 593 1460 634 fere
1494 592 1548 632 de
1580 591 1823 631 hominibus
1854 591 1940 630 Ro-

1052 673 1291 712 manorum,
1313 671 1408 713 quae
1428 657 1634 698 dicerem.

390 1057 516 1118 DE
575 1052 1035 1118 GENTIBUS
1094 1051 1213 1113 ET
1270 1051 1671 1113 FAMILIIS

703 1198 1351 1263 ROMANORUM.

165 1334 236 1374 Um·
287 1334 496 1376 Historiae
542 1335 751 1375 Romanae
798 1332 1000 1374 studiosis

114 1398 460 1440 adolescentibus
485 1412 620 1452 opera
650 1405 796 1439 nostra
834 1398 1001 1450 gratior

113 1462 186 1512 sit,
204 1469 247 1501 et
263 1463 397 1502 etiam
413 1463 574 1511 utilior,
588 1474 669 1503 non
685 1468 838 1513 gentes
854 1472 1001 1501 omues

114 1526 345 1577 Romanas,
363 1525 475 1579 quod
497 1526 709 1566 infinitum
729 1526 800 1577 sit,
817 1526 889 1566 hic
905 1537 1000 1577 per-

114 1589 358 1641 sequimur3
389 1589 465 1629 sed
487 1602 560 1630 eas
582 1595 767 1642 tantum,
793 1590 883 1630 sive
913 1589 1000 1629 Pa-

115 1650 253 1691 triciae
291 1651 394 1702 sint,
431 1652 523 1692 sive
559 1653 772 1706 Plebeiae,
804 1666 900 1706 quae
933 1653 1003 1693 vel

115 1714 295 1755 militari
328 1715 478 1767 gloria,
507 1716 575 1756 vel
595 1717 725 1767 gestis
758 1716 1003 1767 honoribus,

118 1791 209 1831 prae
230 1779 386 1819 ceteris
399 1780 584 1820 maxime
599 1779 852 1822 floruerunt.
896 1781 1004 1822 Cum

117 1853 224 1881 vero
243 1848 347 1882 ante
362 1843 470 1883 bella
493 1844 674 1895 Punica,
702 1845 897 1885 Romana
923 1858 1006 1897 res,

120 1910 196 1945 ant
210 1905 412 1956 angustis,
439 1912 513 1947 aut
533 1906 701 1959 iisdem,
734 1907 888 1960 quibus
914 1908 1006 1948 Ita-

119 1968 191 2019 lia,
207 1967 364 2009 finibus
385 1970 692 2021 clauderetur3
723 1977 769 2012 et
794 1971 1006 2012 bellorum

122 2037 169 2072 et
205 2032 362 2074 ducum
398 2032 514 2074 fama
558 2035 743 2087 primum
783 2036 1009 2077 obscurior

122 2094 222 2147 fuit,
238 2101 390 2148 postea
409 2097 620 2138 illustrior
636 2111 647 2138 ε
678 2111 810 2151 quare
822 2097 1007 2139 familias

126 2170 221 2210 quae
243 2165 344 2198 ante
364 2159 437 2198 illa
465 2160 675 2212 tempora,
703 2167 778 2200 aut
799 2161 915 2201 domi
934 2168 1010 2202 aut

126 2220 296 2261 militiae
317 2222 482 2262 nobiles
502 2223 756 2275 extiterunt,
774 2237 899 2277 quam
915 2225 1011 2265 bre-

127 2286 299 2326 vissime
318 2286 410 2328 fieri
425 2288 568 2340 potuit
582 2290 892 2341 explicuimus:
915 2303 1011 2342 quae

127 2349 350 2402 aliquanto
382 2357 484 2402 post
516 2350 648 2390 Orbis
681 2351 905 2403 imperium
937 2365 1013 2404 pa-

129 2411 222 2450 triae
253 2424 341 2452 suae
361 2413 521 2453 virtute
546 2411 705 2453 bellica
732 2421 1013 2467 pepererunt,

130 2475 259 2527 paulo
291 2475 477 2515 uberius.
549 2475 617 2516 Ac
654 2489 708 2516 ne
743 2478 845 2530 quid
883 2479 1013 2518 etiam

130 2536 239 2576 illud
275 2537 458 2578 haberet
485 2537 665 2590 fastidii,
705 2553 801 2580 cum
836 2540 1010 2582 familiae

132 2600 230 2640 aliae
250 2601 406 2642 multos
439 2606 486 2641 et
504 2602 622 2654 pacis
642 2609 688 2643 et
722 2603 825 2643 belli
851 2605 1013 2645 artibus

133 2664 321 2716 insignes
338 2665 452 2705 viros
466 2666 742 2718 protulerint,
762 2667 858 2708 aliae
872 2681 1016 2721 unum,

134 2728 373 2769 alterumve
401 2734 595 2780 tantum3
634 2730 804 2770 illarum
836 2738 1018 2772 stemma

133 2791 346 2843 integrum
367 2792 612 2843 appositum
631 2799 727 2843 est;
746 2795 894 2835 harum
914 2808 1017 2836 vero

135 2867 221 2895 non
242 2855 364 2906 item,
391 2856 467 2895 sed
495 2855 720 2896 clarissimi
749 2858 907 2910 quique
939 2872 1016 2899 suo

135 2919 316 2970 quisque
341 2917 437 2958 loco
455 2919 676 2970 appellati.
735 2920 804 2960 Ne
823 2922 892 2961 cui
913 2935 1017 2963 vero

138 2980 354 3020 nominum
368 2981 600 3021 similitudo
615 2995 805 3023 errorem
819 2985 1019 3036 objiciat;

140 3050 186 3084 et
207 3054 357 3093 annus,
394 3056 477 3095 quo
513 3045 692 3098 quisque
726 3047 888 3087 Consul
919 3047 1020 3100 fuit,

141 3111 368 3146 annotatus
387 3113 470 3159 est,
491 3114 535 3148 et
555 3110 721 3160 praefixi
750 3114 927 3162 numeri,
946 3114 1019 3166 qui

1067 1331 1315 1372 continuam
1354 1330 1610 1372 familiarum
1649 1331 1806 1372 seriem
1844 1328 1954 1369 indi-

1067 1399 1186 1435 cent.
1243 1394 1295 1434 In
1326 1395 1546 1448 signandis
1578 1395 1812 1435 Consulum
1832 1394 1956 1433 annis

1067 1458 1224 1497 Fastos
1274 1458 1549 1509 Consulares,
1581 1462 1631 1498 ut
1666 1462 1822 1498 extant
1863 1463 1956 1496 tum

1069 1521 1184 1574 apud
1203 1522 1425 1574 Sigonium
1462 1527 1553 1563 tum
1586 1521 1702 1575 apud
1738 1519 1956 1572 Pighium,

1069 1584 1208 1625 secuti
1229 1598 1402 1626 sumus:
1436 1598 1569 1639 quare
1584 1598 1638 1625 ne
1654 1585 1748 1638 quis
1764 1584 1959 1634 miretur,

1069 1648 1106 1688 si
1145 1661 1171 1688 a
1208 1648 1482 1701 Glandorpio
1529 1649 1708 1702 aliisque
1743 1646 1959 1688 nonnullis

1069 1714 1230 1767 saepius
1268 1715 1596 1756 dissentiamus:
1630 1715 1700 1768 qui
1729 1726 1856 1767 quem
1882 1714 1960 1753 du-

1071 1792 1164 1820 cem
1186 1778 1462 1820 adhibuerint
1496 1780 1623 1832 plane
1653 1780 1816 1819 nescio.
1875 1778 1962 1818 Ex-

1074 1848 1225 1895 cerpta
1246 1843 1380 1883 etiam
1402 1856 1455 1883 ex
1468 1843 1620 1895 primae
1643 1843 1794 1883 classis
1816 1849 1965 1882 aucto-

1075 1907 1193 1948 ribus
1232 1908 1482 1948 testimonia
1522 1907 1761 1960 appingere
1806 1907 1962 1956 libuit3

1076 1983 1231 2025 eaque,
1253 1972 1397 2024 quoad
1417 1972 1558 2022 licuit,
1580 1971 1780 2023 insignia,
1808 1971 1963 2024 quibus

1076 2048 1336 2076 summorum
1357 2037 1543 2076 virorum
1580 2043 1625 2076 et
1651 2047 1860 2087 expressa
1878 2033 1964 2074 for-

1075 2111 1145 2139 ma
1164 2104 1248 2149 est,
1266 2104 1311 2138 et
1326 2099 1518 2139 indoles:
1549 2111 1631 2150 quo
1650 2099 1763 2138 enim
1785 2098 1966 2150 quisque

1077 2166 1124 2200 et
1143 2161 1336 2213 corporis
1365 2161 1517 2201 habitu
1545 2161 1680 2201 fuerit
1715 2167 1760 2201 et
1791 2160 1966 2212 ingenio

1078 2235 1343 2275 cognoscere
1363 2224 1599 2275 voluptatis
1617 2223 1748 2264 habet
1761 2223 1968 2264 nonnihil.

1082 2287 1150 2326 De
1177 2286 1351 2325 familiis
1376 2286 1670 2326 Romanorum
1701 2287 1970 2338 scripserunt

1081 2348 1299 2389 Antonius
1319 2348 1606 2401 Augustinus,
1626 2362 1650 2389 e
1670 2350 1851 2389 nummis
1869 2350 1968 2389 Ful·
2011 2378 2017 2384 -

1083 2412 1177 2452 vius
1209 2412 1409 2462 Ursinus,
1447 2412 1739 2465 Glaudorpius
1770 2413 1814 2452 in
1850 2413 1968 2453 Ono-

1081 2475 1284 2526 mastico,
1303 2475 1460 2515 tabulis
1480 2481 1525 2516 et
1548 2476 1788 2517 Richardus
1808 2476 1971 2516 Streiu-

1078 2539 1190 2589 nius,
1221 2546 1268 2579 et
1301 2540 1508 2580 Nicolaus
1528 2540 1794 2582 Reusnerus.
1826 2542 1972 2582 Multa

1080 2602 1210 2642 etiam
1259 2602 1391 2643 habet
1429 2603 1611 2655 Pighius
1658 2603 1702 2643 in
1734 2603 1973 2644 Annalibus

1082 2665 1303 2717 Romanis,
1323 2678 1402 2707 nec
1429 2679 1514 2707 non
1549 2673 1595 2708 et
1627 2667 1673 2707 in
1693 2669 1832 2708 Fastis
1850 2669 1972 2722 Sigo-

1084 2729 1201 2780 nius;
1235 2729 1390 2782 quibus
1411 2730 1585 2782 quidem
1605 2731 1803 2772 omnibus
1822 2732 1886 2772 usi
1903 2745 1971 2772 su-

1084 2803 1191 2833 mus.
1249 2793 1335 2833 Sed
1358 2794 1443 2833 alia
1463 2793 1562 2844 illis,
1583 2794 1667 2834 alia
1697 2794 1840 2845 nobis,
1871 2796 1975 2835 scri·

1083 2859 1214 2900 bendi
1236 2860 1344 2899 ratio
1365 2860 1591 2911 proposita
1610 2866 1707 2910 est;
1742 2869 1840 2900 utra
1867 2873 1975 2913 prae-

1086 2928 1174 2962 stet
1193 2922 1336 2974 alteri,
1365 2928 1484 2962 tuum
1514 2929 1624 2975 esto,
1656 2924 1837 2973 Lector,
1860 2924 1975 2976 judi-

1086 2986 1214 3026 cium.
1270 2986 1316 3025 Si
1349 2991 1497 3026 nostra
1518 2986 1598 3027 tibi
1616 2997 1702 3026 non
1727 2987 1974 3039 displiceat,

1087 3056 1226 3096 utere,
1254 3055 1299 3090 et
1315 3047 1431 3089 fave.

165 3233 312 3300 QUI
339 3236 563 3292 APUD
591 3237 987 3294 ROMANOS
1016 3239 1406 3306 PATRICII,
1426 3200 1582 3306 QUI
1607 3241 1664 3294 N
1669 3240 1972 3295 OBILES.

199 3359 508 3403 Romanunm
544 3375 691 3403 omnes
726 3370 816 3404 tum
871 3371 1025 3416 gentes

150 3427 237 3460 tum
258 3421 432 3464 familiae
450 3425 493 3464 in
514 3434 698 3479 quatuor
718 3428 875 3468 classes
894 3428 1026 3469 tribui

149 3484 260 3525 haud
280 3487 543 3530 incommode
565 3498 769 3542 possunt:
790 3493 885 3533 aliae
898 3492 1028 3544 enim,

1094 3365 1129 3405 si
1145 3378 1279 3418 genus
1293 3364 1766 3418 spectemus,Patriciae
1777 3364 1976 3415 fuerunt3

1094 3431 1188 3470 aliae
1210 3431 1421 3470 Plebeiae:
1460 3429 1496 3468 si
1514 3430 1717 3478 honores;
1739 3429 1834 3468 aliae
1854 3427 1974 3467 nobi-

1093 3492 1176 3543 les;
1198 3493 1294 3533 aliae
1309 3504 1444 3532 uovae.
1478 3491 1670 3532 Primum
1688 3493 1743 3532 de
1757 3492 1978 3542 Patriciis,
