2346 3952
725 755 897 827 DE
1000 753 1868 830 ROMANORUM

1032 983 1571 1047 NOMINIBUS.

394 1381 456 1444 N
458 1418 588 1448 ovmu
608 1405 746 1448 Libris
764 1406 925 1447 Valerii
944 1407 1124 1448 Maximi
1146 1407 1265 1448 deci-

390 1483 482 1512 mus
499 1471 552 1511 de
573 1471 826 1511 Nominibus
851 1472 1136 1512 Romanorum
1164 1471 1262 1512 sub-

384 1535 509 1588 jungi
527 1536 654 1586 solet,
676 1534 747 1586 qui
762 1534 918 1575 incerti
933 1534 1154 1586 scriptoris
1173 1540 1260 1575 est:

390 1610 486 1638 nam
506 1597 618 1650 quod
654 1597 765 1637 illius
794 1603 1008 1638 auctorem
1041 1598 1260 1638 Valerium

392 1663 630 1702 Maximum
666 1662 858 1702 nonnulli
885 1674 978 1702 esse
1014 1663 1175 1712 volunt,
1218 1662 1263 1702 id

394 1737 516 1766 secus
536 1738 628 1766 esse
646 1730 798 1778 postea
817 1725 1107 1778 probabimus.
1150 1725 1265 1765 Huic

390 1789 519 1840 libro,
539 1790 736 1841 quoniam
754 1793 798 1829 et
813 1789 928 1829 utilis
942 1788 1166 1828 admodum
1185 1794 1266 1839 est,

395 1856 440 1892 et
455 1852 641 1902 mutilus,
659 1857 747 1892 tum
761 1856 882 1891 notas
893 1851 1065 1902 addere,
1075 1857 1165 1890 tum
1174 1863 1270 1903 sup-

391 1914 670 1966 plementum‚
698 1915 860 1954 animus
892 1920 1012 1954 erat:
1060 1926 1156 1954 cum
1189 1914 1268 1954 viri

394 1976 552 2017 eruditi
571 1977 691 2016 nobis
711 1982 908 2017 auctores
938 1975 1127 2029 fuerunt,
1145 1983 1194 2017 ut
1222 1978 1267 2017 in

392 2039 505 2080 idem
525 2045 816 2092 argumentum
845 2041 925 2080 toti
943 2042 1062 2093 operi
1079 2041 1266 2092 praemit-

392 2106 580 2143 teremus
600 2104 832 2153 nonnulla;
860 2103 987 2156 idque
1008 2105 1208 2144 studiosis
1221 2112 1267 2145 et

393 2165 539 2206 utilius
552 2167 684 2205 multo
703 2165 811 2217 fore,
828 2170 872 2206 et
883 2166 1128 2218 jucundius,
1149 2168 1266 2220 quod

395 2242 447 2270 ea
465 2242 551 2270 non
568 2231 667 2271 huic
681 2235 846 2270 tantum
858 2231 966 2271 libro
978 2233 1270 2272 commentarii

397 2292 491 2331 loco
526 2298 684 2340 essent,
716 2292 792 2332 sed
824 2292 905 2343 ipsi
936 2293 1065 2331 etiam
1095 2293 1270 2333 Valerio

397 2355 576 2394 multum
597 2353 801 2394 afferrent
821 2354 929 2406 opis.
976 2355 1086 2405 Illis,
1119 2360 1169 2394 ut
1194 2367 1272 2406 par

398 2422 507 2467 erat,
525 2429 684 2456 morem
705 2417 921 2468 gessimus.
977 2418 1044 2457 De
1059 2418 1270 2458 Romano·

397 2490 491 2518 rum
509 2479 746 2519 nominibus
771 2480 1065 2530 scripserunt;
1092 2480 1137 2520 id
1158 2481 1271 2521 enim

397 2541 604 2582 lectorem
624 2541 851 2581 admonere
866 2554 947 2581 non
961 2542 1037 2582 abs
1057 2554 1104 2583 re
1124 2541 1270 2594 fuerit,

400 2610 449 2645 ut
466 2603 607 2645 fontes
625 2605 754 2656 ipsos,
772 2604 807 2644 si
828 2605 953 2656 plura
975 2604 1093 2645 hisce
1125 2605 1179 2645 de
1206 2617 1270 2645 re-

398 2667 477 2707 bus
522 2667 633 2708 seire
679 2667 842 2719 cupiat,
882 2667 1065 2706 invisere
1110 2668 1271 2718 possit3

401 2731 684 2782 scripserunt,
700 2730 884 2783 inquam,
913 2730 965 2769 de
988 2730 1274 2770 Romanorum

402 2792 659 2844 nominibus,
676 2805 699 2832 e
732 2793 950 2832 veteribus
970 2793 1202 2844 Charisius,
1230 2798 1275 2833 et

401 2857 639 2897 Diomedes
679 2856 974 2905 Grammatici,
1014 2857 1276 2897 Plutarchus

1333 1411 1422 1448 tum
1442 1408 1484 1448 in
1505 1407 1746 1460 Coriolano,
1764 1413 1854 1449 tum
1872 1408 1916 1448 in
1934 1407 2093 1460 Mario,
2117 1406 2208 1460 Ap*-

1331 1471 1480 1522 pianus
1519 1470 1563 1510 in
1597 1471 1813 1512 Prooemio
1853 1471 2075 1522 Historiae,
2118 1471 2206 1511 Dio

1329 1534 1404 1574 lib.
1418 1545 1561 1574 xnvu.
1580 1535 1814 1574 Pausanias
1835 1534 1879 1574 in
1898 1533 2116 1574 Achaicis.
2164 1533 2207 1579 E

1329 1597 1638 1638 recentioribus
1653 1597 1903 1639 Franciscus
1916 1596 2211 1648 Robortenus,

1333 1660 1512 1701 Carolus
1565 1661 1786 1713 Sigonius,
1829 1659 2079 1712 Onuphrins
2113 1659 2210 1716 1?ae-

1331 1725 1510 1774 nuinus3
1554 1731 1599 1766 et
1627 1737 1652 1765 e
1682 1725 1903 1766 Societate
1943 1729 2096 1766 nostra.
2123 1722 2208 1773 duo

1333 1788 1414 1828 viri
1445 1788 1679 1830 doctissimi
1711 1787 1908 1828 Andreas
1937 1787 2137 1827 Schottns
2164 1783 2212 1826 in

1335 1857 1451 1892 tomo
1484 1853 1613 1894 tertio
1637 1851 1797 1904 Pighii,
1834 1856 1880 1891 et
1908 1849 2095 1893 Jacobus
2123 1848 2212 1890 sn·-

1334 1915 1515 1956 mondus
1534 1916 1577 1955 in
1610 1913 1876 1956 Praefatione
1905 1913 1958 1953 ad
1996 1912 2134 1952 Notas
2165 1912 2211 1951 in

1333 1978 1585 2028 Sidonium;
1615 1991 1638 2017 e
1669 1977 1822 2031 quibus
1854 1976 2047 2017 omnibus
2079 1974 2210 2026 insig-

1333 2041 1403 2081 nia
1420 2054 1601 2095 quaeque
1616 2041 1856 2092 selegimus,
1874 2051 1968 2091 quoe
1986 2037 2215 2078 brevitatis

1332 2106 1473 2147 studio
1494 2107 1535 2145 in
1569 2110 1752 2158 quatuor
1784 2104 1919 2145 veluti
1951 2103 2112 2144 classes
2136 2102 2214 2145 tri-

1336 2167 1510 2207 buenda
1526 2168 1618 2207 visa
1636 2172 1763 2207 sunt:
1788 2166 2019 2220 ¹quaerimus
2038 2165 2153 2208 enim
2172 2169 2213 2209 1.

1335 2231 1406 2270 An
1431 2231 1613 2270 Romani
1644 2231 1827 2271 omnium
1861 2229 1989 2281 primi
2019 2228 2212 2281 pluribus

1337 2292 1402 2330 uti
1420 2292 1662 2331 nominibus
1685 2291 1922 2343 coeperint:
1951 2295 1991 2331 2.
2019 2291 2128 2332 Quae
2147 2289 2213 2331 fu-

1338 2354 1452 2393 erint
1484 2354 1556 2393 illa
1588 2355 1866 2405 praenomina,
1895 2355 2084 2404 nomina,
2113 2366 2214 2406 cog-

1338 2417 1537 2466 nomina;
1583 2423 1628 2457 et
1663 2416 1776 2457 unde
1823 2422 1963 2457 sumta
2002 2417 2115 2457 sint:
2173 2421 2214 2457 3.

1339 2480 1445 2522 Quae
1463 2480 1534 2519 lex
1550 2479 1683 2520 fuerit
1700 2481 1744 2519 in
1764 2479 2072 2532 foeminis,filiis
2086 2480 2216 2533 adop-

1339 2542 1454 2589 tivis,
1472 2543 1701 2593 libertinis,
1721 2543 1882 2583 servis:
1911 2546 1951 2583 4.
1982 2541 2051 2583 An
2065 2543 2216 2583 eadem

1339 2604 1472 2646 fuerit
1507 2606 1720 2646 nominum
1758 2605 1871 2644 ratio
1914 2610 2057 2645 stante
2094 2617 2216 2646 ever·

1341 2680 1471 2720 saque
1524 2668 1775 2720 Republica.
1859 2669 1968 2710 Quae
2019 2673 2218 2720 quatuor,

1340 2744 1464 2783 quam
1495 2732 1745 2772 brevissime
1779 2729 1875 2770 fieri
1906 2730 2088 2782 poterit,
2118 2742 2218 2782 per-

1343 2794 1616 2846 stringemus.

427 3022 542 3076 AN
579 3023 908 3081 ROMANI
945 3023 1285 3077 OMNIUM
1324 3022 1568 3076 PRIMI
1607 3022 2009 3076 PLURIBUS
2053 3022 2193 3076 UTI

820 3135 1281 3190 NOMINIBUS

457 3269 653 3309 Dm’mx
681 3273 748 3309 est
777 3267 1012 3309 Auctorum
1044 3281 1171 3321 super
1202 3269 1280 3309 hac

407 3344 455 3372 re
475 3332 690 3371 sententia
708 3345 718 3371 ε
749 3332 887 3371 altera
905 3331 1125 3382 Varronis,
1145 3332 1279 3371 altera

406 3396 534 3445 illius,
553 3393 740 3447 quisquis
760 3398 839 3446 est,
857 3394 929 3446 qui
940 3393 1151 3435 decimum
1170 3395 1279 3434 hunc

406 3458 563 3502 librum
593 3457 774 3510 scrIpsit.
842 3458 969 3502 Hunc
1004 3469 1165 3500 morem
1202 3457 1283 3503 Ro-

1322 3135 1772 3189 COEPERINT.

1347 3278 1567 3307 manorum
1591 3265 1808 3317 proprium
1839 3264 1975 3304 Varro
1991 3277 2003 3313 3
2042 3263 2096 3304 ab
2126 3264 2224 3305 aliis

1346 3333 1572 3380 acceptum
1592 3327 1719 3367 docet
1738 3327 1907 3379 ignotus
1931 3327 2002 3366 ille
2022 3326 2223 3378 scriptor.

1347 3394 1454 3433 Cum
1473 3392 1607 3431 multa
1623 3392 1874 3441 Varronem,
1888 3387 1977 3431 t'um
1993 3390 2098 3431 illud
2113 3403 2222 3443 prae-

1348 3457 1474 3510 cipue
1484 3455 1626 3513 *movit
1643 3467 1655 3504 ς
1680 3455 1794 3509 quod
1811 3454 2030 3507 Romulus,
2047 3454 2226 3506 Remus,
