2352 4022
333 297 439 350 130
850 303 1107 341 VALERII
1152 297 1392 336 ΜΑΧΙΜΙ
1440 298 1554 333 Lm.
1597 297 1634 332 1.

332 429 370 480 J
375 427 497 480 ovis
537 426 667 492 Opt.
693 422 849 475 Max.
888 420 1097 486 templo
1115 417 1159 455 ⁶⁵
1182 426 1203 457 P
1239 416 1449 468 eximia
1473 413 1614 465 facie
1658 426 1891 479 puerum
1928 411 2148 464 histrio-

331 528 453 563 nem
472 518 493 548 (ἱ
530 509 599 562 ad
624 507 895 560 excubias
922 503 1186 554 tenendas
1212 502 1530 569 posuisset:
1550 498 1575 522 *
1612 496 1758 564 quod
1783 495 1994 548 factum
2020 501 2151 563 post

329 595 543 662 aliquot
590 607 762 644 annos
823 587 1086 639 memoria
1141 586 1454 653 repetitum,
1514 578 1803 633 sacrificiis
1858 579 2147 646 expiatum

333 686 501 732 este-¹
629 668 631 670 ¹
2156 727 2158 729 Ι

401 763 490 814 17.
531 757 800 811 Hercules
825 773 1049 824 quoque
1066 762 1082 784 ⁵
1106 755 1367 807 detractae
1393 751 1666 818 religionis
1693 765 1810 802 suae
1847 753 1903 801 et
1927 765 2149 816 gravem

329 852 384 899 et
409 845 755 897 manifestam
777 857 1003 909 poenam
1023 841 1282 909 exegisse
1310 838 1555 890 traditur.
1596 834 1744 886 Nam
1769 849 1898 886 cum
1924 832 2152 885 Potitiit

331 942 610 982 sacrorum
635 926 757 995 ejus
783 926 945 977 ritum
973 941 1156 992 quem,
1201 939 1302 991 pro
1344 923 1489 973 dono
1517 919 1664 987 genti
1707 933 1896 970 eorum
1925 918 1997 970 ab
2022 918 2151 986 ipso

330 1013 692 1078 assignatum,
719 1011 873 1062 velut
898 1009 1316 1061 haereditarium
1353 1006 1749 1065 obtinuerant?
1787 1006 2005 1054 auctore
2031 1001 2152 1069 Ap-

328 1097 464 1162 pio¹¹
503 1094 793 1157 Censore,v
831 1094 901 1145 ad
942 1094 1148 1146 humile
1192 1108 1477 1146 servorum
1511 1089 1878 1142 ministerium
1914 1090 2152 1140 transtu-

381 1253 413 1309 ’jf
442 1247 556 1291 Quod
588 1247 709 1286 scelus
725 1250 944 1286 revocatum
963 1245 1004 1284 in
1025 1245 1247 1284 memoriam
1276 1247 1363 1294 post
1383 1243 1531 1294 aliquot
1548 1252 1682 1292 annos,
1704 1243 1920 1292 purgatum
1948 1243 2008 1280 est
2031 1239 2154 1278 sacri-

321 1300 539 1392 ficzwlvam
565 1364 651 1391 eum
670 1352 816 1393 Potitii
847 1352 1113 1404 permisissent
1144 1350 1267 1390 servis
1299 1359 1485 1400 peragere
1516 1358 1630 1387 sacra
1660 1346 1784 1408 ipsius
1810 1345 1996 1385 Herculis
2010 1358 2024 1384 .·
2052 1345 2154 1395 quod

325 1405 724 1498 ΐέῗέἒὶἶῖιξὶἳῖεαῑε
751 1418 833 1445 suoe
861 1405 974 1456 genti
1003 1405 1250 1454 assignatum
1277 1415 1347 1454 pro
1377 1404 1476 1442 dono
1507 1412 1657 1452 semper
1686 1399 1935 1440 obtmuerant
1969 1402 2154 1449 tanquam

327 1593 422 1634 cod.
443 1604 521 1646 pro
536 1594 674 1644 templo
698 1592 858 1645 reperit
876 1597 984 1633 tensa
999 1606 1014 1639 ‚·
1043 1592 1142 1631 hinc
1164 1591 1316 1632 Heius.
1336 1595 1382 1630 et
1403 1588 1604 1629 Perizon.
1639 1588 1723 1640 legi
1746 1587 1919 1640 jubent,
1948 1587 2153 1627 thema.—

1152 1685 1193 1725 N
1198 1684 1327 1725 OTAE

327 1786 425 1814 cum
444 1774 661 1826 caestibus,
688 1775 858 1827 pugnis,
887 1774 1090 1824 fustibus,
1117 1775 1203 1825 gla-

329 1836 422 1887 diis,
443 1837 556 1888 pilis,
574 1837 723 1887 hastis,
739 1840 819 1878 &c.
850 1837 903 1877 ad
924 1850 1050 1890 quam
1072 1837 1203 1888 perti-

327 1906 418 1950 net,
446 1905 535 1938 tum
570 1900 808 1952 gladiatura
850 1906 940 1940 tum
987 1907 1205 1940 certamen

329 1972 424 2000 cum
446 1961 608 2012 bestiis,
636 1974 815 2013 quorum
837 1967 1065 2015 utrumque
1088 1962 1206 2014 inge-

327 2024 420 2062 nuis
458 2022 617 2063 infame
646 2023 756 2074 fuit3
787 2030 874 2063 tum
908 2025 1039 2064 etiam
1070 2025 1206 2074 lucta,

328 2098 424 2125 cum
446 2087 558 2126 alter
576 2088 759 2126 alterum
792 2099 866 2126 seu
901 2087 940 2126 vi
971 2099 1047 2126 seu
1085 2087 1206 2137 agili-

327 2154 418 2188 tate
431 2150 620 2200 corporis
633 2149 746 2188 humi
764 2155 954 2189 sternere
970 2149 1204 2189 nitebatur.

327 2211 493 2263 Altera,
540 2225 701 2252 cursus.
755 2213 904 2252 Tertia
947 2213 1123 2253 saltatio
1162 2214 1204 2252 in

329 2286 450 2327 aequo
492 2288 658 2327 campo,
687 2282 760 2315 aut
794 2288 848 2315 ex
882 2274 1074 2315 inferiori
1112 2276 1206 2316 loco

328 2338 382 2376 ad
417 2339 696 2389 superiorem,
727 2343 773 2377 et
800 2344 975 2377 contra:
1007 2344 1081 2377 ant
1109 2350 1206 2377 cum

328 2400 372 2438 in
410 2413 537 2452 equos
576 2400 844 2450 insiliebant,
884 2401 952 2440 vel
998 2400 1099 2439 nudi
1140 2401 1206 2439 vel

330 2463 610 2513 cataphracti.
668 2463 849 2513 Quarta,
879 2462 1089 2514 jaculatio
1125 2462 1207 2501 dis-

329 2536 490 2575 corum,
509 2526 778 2576 sagittarum,
794 2526 991 2576 pilarum,
1008 2526 1207 2566 telorum.

330 2588 508 2636 Quinta,
529 2588 741 2640 equestris
764 2601 918 2640 pugna.
972 2589 1119 2638 Sexta,
1140 2601 1208 2628 au-

330 2650 500 2701 rigatio‚
539 2663 621 2703 qua
638 2651 749 2703 bigae
776 2651 1051 2703 quadrigaeve
1072 2657 1208 2691 certa-

329 2713 448 2753 bant.
506 2714 714 2765 Septima,
734 2715 997 2765 naumachia,
1026 2728 1110 2767 qua
1135 2728 1208 2754 na-

330 2775 435 2814 valis
453 2776 695 2815 certaminis
716 2777 882 2827 species
898 2777 1192 2818 exhibebatur.

384 2843 403 2863 ⁰
429 2839 594 2891 AEdilz's]
619 2840 726 2881 Quae
747 2840 878 2881 fuerit
897 2842 986 2881 haec
1006 2842 1207 2894 dignitas,

330 2898 373 2937 in
399 2900 724 2950 Magistratibus
754 2903 1037 2943 Romanorum
1070 2905 1208 2956 expli-

333 2972 515 3001 culmus.

373 3029 394 3055 P
418 3025 532 3064 Jovis
553 3027 646 3076 Opt.
663 3027 777 3066 Max.
794 3028 954 3078 templo]
980 3029 1209 3080 Capitolio.

330 3085 503 3137 Jupiter
540 3087 595 3127 ob
635 3087 859 3139 beneficia,
902 3091 1108 3142 optimus3
1157 3093 1208 3132 ob

332 3148 434 3198 vim,
463 3149 679 3190 Maximus
699 3151 872 3192 dicitur.

384 3216 402 3243 ‘¹
434 3210 698 3264 Histrionem]
728 3214 839 3254 Sunt
866 3216 935 3267 qui
962 3216 1206 3257 histrionem

332 3272 385 3311 ab
415 3273 542 3313 lstria
571 3275 733 3316 dictum
767 3284 944 3328 putent:
975 3280 1104 3330 quod,
1136 3282 1205 3331 qui

330 3336 491 3386 primus
515 3337 659 3378 Romae
681 3340 891 3381 scenicam
922 3349 1055 3381 artem
1086 3356 1205 3382 exer-

331 3399 435 3448 cuit,
458 3400 510 3438 ab
531 3400 664 3441 Istria
683 3405 872 3454 venerit;
905 3407 1043 3446 verius
1064 3413 1205 3446 tamen

332 3461 475 3501 Livius
514 3463 584 3503 lib.
623 3475 707 3505 vn.
763 3473 947 3507 testatur
996 3469 1207 3509 Ludiones

1272 1785 1381 1813 anno
1398 1772 1528 1812 Urbis
1558 1774 1651 1811 389.
1672 1782 1725 1809 ex
1747 1768 1959 1809 Hetruria
1977 1769 2156 1821 accitos,

1273 1834 1345 1887 qui
1364 1835 1454 1874 sine
1473 1833 1661 1874 carmine
1681 1832 1767 1871 ullo
1786 1831 1840 1871 ad
1861 1831 2048 1872 tibicinis
2067 1843 2156 1872 mo-

1275 1897 1352 1936 dos
1375 1898 1597 1946 saltantes,
1625 1894 1737 1934 haud
1768 1894 1993 1935 indecoros
2015 1901 2154 1935 motus

1274 1972 1391 2000 more
1429 1961 1572 2000 Tusco
1604 1958 1791 1998 dabant:
1822 1970 2005 2011 cumque
2036 1958 2154 1999 ludio

1273 2024 1412 2063 Tusco
1428 2022 1633 2062 vocabulo
1649 2022 1866 2062 diceretur
1881 2021 2034 2071 histem
2055 2022 2154 2061 inde

1274 2086 1325 2124 iis
1346 2085 1557 2135 omnibus,
1577 2083 1649 2137 qui
1671 2085 1903 2135 personati,
1924 2090 2014 2125 tum
2036 2096 2158 2136 voce,

1275 2154 1365 2188 tum
1399 2147 1590 2199 corporis
1625 2151 1765 2198 gestu,
1796 2159 1873 2187 seu
1911 2148 2154 2188 Comoedias

1274 2223 1348 2251 seu
1385 2209 1634 2262 Tragoedias
1679 2215 1874 2261 agerent,
1930 2210 2152 2250 histrionis

1274 2286 1426 2314 nomen
1447 2273 1610 2313 factum
1631 2279 1712 2313 est.

1328 2336 1353 2360 '⁵
1383 2335 1467 2375 An.
1489 2336 1552 2376 M.
1584 2339 1704 2375 3833.
1761 2334 1831 2376 Ol.
1851 2339 1943 2378 139.
1962 2340 2001 2376 4.
2047 2337 2158 2378 Urb.

1281 2400 1329 2440 C.
1346 2403 1440 2439 532.
1490 2399 1595 2439 Ant.
1617 2400 1666 2440 C.
1683 2403 1778 2439 220.

1334 2468 1351 2488 r
1363 2462 1581 2515 Sacrificiis
1597 2464 1798 2514 expiatum
1815 2465 1891 2516 est]
1910 2465 1960 2504 In
1983 2477 2034 2505 eo
2055 2478 2155 2516 pec·

1276 2530 1451 2565 caverat
1467 2526 1622 2575 Varro,
1652 2527 1764 2577 quod
1786 2527 1838 2566 ad
1859 2529 2060 2568 excubias
2080 2542 2156 2581 po-

1276 2588 1433 2627 suisset
1473 2594 1519 2628 et
1548 2588 1815 2640 histrionem,
1857 2592 1972 2643 quod
2024 2604 2156 2644 genus

1276 2650 1490 2690 hominum
1539 2650 1712 2703 infame,
1760 2658 1806 2693 et
1842 2654 1996 2694 eximia
2045 2653 2156 2695 facie

1278 2726 1470 2765 puerum,
1497 2726 1522 2753 a
1541 2727 1624 2766 quo
1654 2728 1749 2755 cum
1780 2717 1871 2768 ipse
1899 2723 1988 2758 tum
2023 2730 2157 2770 popu-

1277 2777 1342 2816 lus
1362 2782 1508 2828 posset
1524 2777 1575 2816 ad
1596 2778 1813 2819 libidinem
1834 2780 2021 2821 incitari.

1330 2849 1344 2868 ⁸
1387 2844 1573 2884 Herculis
1610 2844 1775 2896 quoque]
1825 2845 1944 2888 Quot
1991 2845 2156 2888 fuerint

1278 2904 1504 2955 Hercules,
1534 2907 1721 2959 quidque
1753 2908 1908 2961 singuli
1927 2909 2158 2962 gesserint,

1276 2966 1429 3008 fabulis
1449 2970 1732 3010 notissimum.

1330 3032 1341 3055 t
1373 3031 1534 3083 Potitii]
1564 3034 1630 3072 De
1663 3034 1833 3076 Potitiis
1868 3037 1911 3076 in
1943 3038 2154 3078 Romano-

1277 3106 1368 3133 rum
1386 3095 1650 3136 Sacerdotiis
1670 3099 1846 3150 egimus,

1329 3164 1347 3183 ¹¹
1366 3159 1537 3198 Auctore
1551 3159 1698 3211 Appio]
1721 3161 1919 3212 Claudio,
1935 3163 2006 3214 qui
2026 3163 2155 3215 vulgo

1276 3222 1427 3261 Caecus
1464 3223 1635 3273 (licitur,
1678 3225 1834 3275 quique
1867 3231 1911 3264 et
1943 3238 2074 3266 senex
2108 3234 2155 3268 et

1274 3297 1412 3324 caecus
1435 3291 1582 3336 turpes
1603 3287 1720 3336 pacis
1741 3299 1837 3327 cum
1860 3288 2028 3338 Pyrrho
2053 3301 2154 3329 con-

1275 3347 1457 3386 ditiones
1471 3348 1662 3387 oratioue
1681 3361 1756 3387 sua
1771 3350 1981 3391 discussit.
2002 3352 2156 3392 Demo

1277 3410 1397 3458 plura
1427 3410 1616 3459 reperies
1652 3411 1692 3448 in
1713 3411 1986 3452 Claudiorum
2009 3421 2154 3464 gente.

1329 3478 1346 3495 V
1370 3471 1554 3521 Censore]
1575 3474 1760 3513 Consule
1779 3475 2054 3527 Magistratus
2075 3478 2157 3517 Ro-
