2242 3958
334 295 404 347 60

335 432 421 476 rat,
458 427 499 466 iu
538 437 733 479 praeceps
780 431 900 467 actus
937 432 1016 466 est.
1073 426 1210 465 Aulus

333 487 466 529 tilium
485 488 634 529 habuit
652 500 715 530 ιν.
734 488 910 528 Lucium
924 488 1210 539 metatorem,

334 553 404 592 cui
424 552 592 604 gemina
604 552 769 592 soboles
785 551 983 602 contigit.
1040 562 1083 590 v.
1101 551 1208 591 Cne-

332 615 397 655 ius
429 615 691 667 Imperiosus
725 620 771 654 et
794 614 914 653 Titus
944 613 1207 666 Torquatus,

330 679 406 719 ille
427 678 491 719 bis
511 679 670 720 Consul
689 677 773 718 fuit
799 688 909 718 anno
929 680 1021 717 394.
1047 683 1093 717 et
1113 680 1206 717 396.

331 743 401 783 hic
433 749 514 792 ter,
544 754 655 782 anno
680 744 775 782 406.
810 744 906 780 409.
943 744 988 780 et
1017 743 1112 782 413.
1141 747 1210 782 ter

331 806 463 846 etiam
496 805 728 853 Dictator;
778 804 847 856 qui
892 815 988 843 cum
1034 803 1206 845 Gallum

331 868 537 920 singulari
557 868 791 908 certamine
813 866 998 917 vicisset,
1019 867 1073 907 ab
1093 868 1206 907 illius

326 923 486 983 'torque
505 929 718 982 Torquati
745 941 982 980 cognomen
1000 930 1080 969 sibi
1099 931 1205 971 suis-

331 1005 412 1044 que
451 993 632 1044 posteris
668 993 853 1044 peperit,
891 1004 949 1033 v1.
975 994 1206 1047 'ritumque

331 1056 477 1107 filium,
510 1054 623 1108 quod
654 1062 814 1108 praeter
842 1056 1083 1096 mandatum
1107 1070 1210 1109 pug-

330 1123 493 1169 nasset,
522 1119 659 1159 securi
679 1118 848 1170 percuti
873 1120 1017 1170 jussit.
1074 1122 1141 1160 Ex
1159 1134 1210 1163 eo

333 1187 477 1221 tamen
514 1188 715 1233 nepotem
752 1182 904 1222 habuit
949 1195 1031 1222 vu.
1068 1184 1210 1224 Titum

332 1257 443 1284 anno
459 1248 553 1285 454.
575 1246 617 1285 in
644 1246 880 1286 Consulatu
909 1253 1136 1297 mortuum,
1166 1253 1211 1288 et

333 1307 568 1359 abnepotes
597 1319 659 1348 lx.
682 1307 838 1348 Aulum
855 1309 1064 1348 Manlium
1092 1308 1208 1349 Atti-

332 1382 427 1409 cum
448 1377 492 1410 et
506 1371 664 1420 Titum,
675 1377 902 1422 utrumque
918 1371 1080 1423 duplici
1099 1373 1210 1412 Con-

332 1433 488 1485 sulatu,
506 1433 712 1484 Censura,
732 1439 776 1474 et
793 1435 1006 1486 triumpho
1026 1437 1212 1477 clarissi-

332 1508 438 1536 mos.
515 1498 650 1537 Aulus
694 1498 853 1538 Consul
889 1510 998 1539 anno
1030 1504 1126 1542 509.
1165 1507 1211 1541 et

983 309 1058 346 DE
1102 305 1500 346 ROMANORUM

1275 429 1370 466 512.
1394 445 1398 449 -
1427 426 1549 465 Titus
1575 436 1686 466 anno
1705 429 1797 467 518.
1826 430 1872 467 et
1888 428 1982 467 529.
2002 425 2072 465 ille
2090 425 2147 466 de

1275 489 1502 540 Phaliscis,
1529 489 1597 529 hic
1616 489 1670 528 de
1690 489 1831 529 Sardis
1851 487 2146 540 triumphavit.

1274 551 1399 591 Titus
1425 559 1635 604 praeterea
1653 551 1852 592 Dictator
1880 551 2147 592 comitiorum

1276 625 1406 654 causa
1425 621 1596 655 creatus
1614 619 1693 655 est.

1328 679 1424 718 Tito
1443 679 1527 719 duo
1547 679 1677 719 etiam
1696 682 1878 729 nepotes
1896 689 1950 717 ex
1970 687 2017 717 x·
2036 666 2150 736 Afilo

1274 739 1362 780 filio
1381 740 1574 793 fuerunt,
1594 740 1719 781 ambo
1739 740 1961 789 Consules,
1978 750 2045 779 xx.
2063 739 2148 780 Au-

1274 803 1340 843 lus
1357 815 1466 845 anno
1485 809 1579 845 589.
1599 810 1645 844 et
1662 804 1784 845 Titus
1813 815 1924 844 anno
1953 806 2047 843 588.
2077 803 2150 856 qui

1271 865 1405 908 filium
1427 881 1451 908 a
1478 869 1534 908 D.
1553 869 1699 908 Silano
1716 867 1982 919 adoptatum,
2010 877 2105 906 cum
2127 878 2152 906 a

1274 931 1585 972 Macedonibus
1606 937 1895 981 accusaretur,
1922 928 2149 969 damnavit.

1277 1006 1363 1034 xn.
1391 995 1544 1035 Lucius
1581 995 1671 1048 ejus
1704 994 1814 1034 filius
1851 1000 1940 1034 tres
1969 999 2149 1044 nepotes

1275 1057 1440 1108 habuit,
1467 1070 1566 1099 xiv.
1595 1059 1752 1106 Titum,
1781 1057 1974 1107 Lucium,
1999 1063 2044 1096 et
2063 1055 2150 1095 Au-

1276 1121 1364 1160 lum
1400 1121 1621 1161 Ciceronis
1654 1123 1836 1170 amicos;
1871 1120 2003 1161 Lucio
2038 1119 2151 1159 enim

1277 1182 1513 1235 referente,
1541 1185 1786 1236 Imperator
1819 1196 1845 1223 a
1877 1183 2039 1223 Senatu
2077 1194 2151 1233 ap-

1277 1248 1460 1298 pellatus
1491 1253 1572 1288 est.
1628 1247 1787 1287 Consul
1825 1247 1896 1286 ille
1929 1244 2012 1285 fuit
2041 1256 2151 1285 anno

1275 1316 1372 1354 688.
1398 1318 1606 1365 paterque
1637 1324 1716 1352 XV.
1733 1310 1853 1352 Lucii
1883 1310 2053 1360 Manlii,
2078 1308 2153 1362 qui

1277 1377 1437 1429 Syllam
1455 1377 1550 1428 conj
1559 1375 1764 1416 urationis
1792 1373 1985 1414 Catilinae
2005 1379 2154 1424 postu-

1276 1440 1396 1489 lavit,
1423 1446 1470 1478 et
1489 1440 1708 1491 aliquanto
1729 1443 1824 1490 post
1842 1437 1885 1476 in
1906 1436 2018 1479 bello
2035 1435 2153 1478 Afri-

1277 1514 1383 1542 cano
1403 1509 1556 1542 contra
1576 1502 1788 1542 Caesarem
1808 1499 1951 1553 periit.
1984 1524 1987 1525 ν

918 1639 1152 1701 GENS
1222 1641 1551 1703 MARIA.

387 1758 436 1797 C.
456 1756 638 1796 Mimos
662 1754 815 1808 Arpini
845 1756 991 1796 humili
1011 1758 1110 1798 loco
1138 1771 1209 1798 na-

333 1825 419 1871 tus,
439 1821 598 1860 virtute
617 1820 792 1860 militari
818 1832 1001 1860 summos
1030 1821 1211 1860 honores

334 1883 517 1934 adeptus
533 1889 626 1932 est;
649 1884 725 1935 vir,
743 1884 777 1922 si
796 1884 888 1936 quis
906 1895 1106 1936 unquam,
1125 1885 1213 1924 bel-

330 1946 424 1986 licis
443 1947 646 1998 operibus
678 1946 881 1986 illustris:
914 1947 996 1986 duo
1029 1949 1213 1988 maxima

334 2010 447 2049 bella
463 2010 667 2060 confecit,
683 2010 986 2062 Jugurthinum
1021 2017 1066 2051 et
1100 2012 1211 2051 Cim-

332 2072 532 2122 bricum;
575 2082 741 2124 septem
783 2075 917 2125 gessit
955 2075 1211 2115 Consulatus

334 2148 445 2176 anno
473 2140 566 2176 646.
586 2140 680 2177 649.
703 2141 785 2177 &c.
821 2138 885 2177 bis
915 2139 1211 2191 triumphavit,

331 2200 462 2238 semel
495 2199 548 2238 de
577 2200 807 2251 Jugurtha,
841 2201 993 2240 iterum
1024 2202 1077 2241 de
1098 2203 1211 2242 Cim-

337 2262 438 2311 bris,
461 2262 682 2314 Teutonis‚
712 2269 757 2303 et
784 2263 1101 2315 Anibrouibus3
1135 2267 1212 2308 Ju-

337 2326 534 2376 gurtham
556 2326 666 2365 enim
699 2327 855 2379 saepius
877 2329 1035 2368 victum
1057 2342 1081 2367 a
1100 2330 1212 2369 Boc-

335 2389 432 2440 cho,
460 2389 513 2428 ad
544 2402 668 2441 quem
701 2388 887 2442 fugerat,
924 2391 1138 2442 proditum
1169 2393 1213 2432 in

334 2452 548 2504 triumpho
565 2453 715 2493 duxit:
735 2455 953 2494 Teutones
973 2461 1016 2493 et
1034 2454 1214 2495 Ambro-

333 2527 409 2554 nes
426 2515 479 2555 ad
500 2515 838 2568 Aquas-Sextias
863 2519 990 2570 solus,
1021 2519 1214 2559 Cimbros

335 2578 390 2618 ad
419 2580 643 2620 Vercellas
676 2593 773 2621 cum
807 2582 962 2622 Catulo
999 2582 1214 2622 occisione

336 2641 525 2682 delevit:
561 2649 605 2683 at
633 2643 733 2683 dum
769 2645 926 2684 bellum
952 2645 1213 2685 Mithridati-

334 2717 430 2745 cum
451 2705 501 2745 L.
524 2705 655 2759 Syllae
685 2720 764 2759 per
791 2708 1026 2761 Sulpicium
1044 2709 1212 2760 eripere

335 2775 530 2819 conatur,
572 2771 676 2810 urbe
715 2772 877 2824 pulsus,
914 2778 1015 2824 post
1049 2785 1214 2812 errores

336 2832 475 2872 varios
507 2832 549 2872 in
587 2833 780 2875 Africam
819 2836 1004 2888 appulit,
1039 2837 1154 2877 unde
1189 2850 1214 2877 a

336 2897 474 2937 Cinna
502 2904 727 2939 revocatus
759 2901 986 2952 septimum
1013 2902 1216 2942 Consula-

337 2967 426 3001 tum
446 2974 556 3002 anno
587 2966 681 3003 667.
716 2963 895 3012 invadit,
920 2965 961 3003 in
985 2978 1068 3018 quo
1084 2966 1215 3006 nimia

336 3026 594 3067 crudelitate
627 3026 670 3066 in
701 3027 815 3067 cives
847 3036 1062 3079 grassatus
1090 3030 1212 3069 obiit.

335 3089 403 3128 Ex
429 3087 548 3129 Julia
573 3089 624 3130 C.
647 3089 826 3129 capsaris
850 3093 982 3130 amita
1002 3091 1107 3130 duos
1126 3104 1214 3131 sus-

337 3152 503 3203 cepisse
535 3151 644 3192 filios
675 3153 849 3205 dicitur,
879 3154 927 3194 C.
959 3155 1142 3194 Marium
1169 3161 1215 3197 et

337 3215 596 3267 Telesinam,
611 3215 654 3256 id
675 3222 817 3256 tamen
829 3229 912 3256 non
930 3218 1093 3270 liquet:
1115 3224 1214 3258 sunt

341 3278 453 3317 enim
490 3278 561 3331 qui
593 3279 729 3331 ipsius
766 3291 850 3319 non
885 3279 1007 3331 filios,
1042 3280 1116 3319 sed
1159 3291 1213 3319 ex

340 3352 483 3379 sorore
520 3347 701 3392 nepotes
734 3354 826 3382 esse
863 3342 1011 3382 velint.
1065 3342 1128 3382 Ut
1164 3348 1214 3382 ut

340 3406 420 3452 est,
444 3402 494 3442 C.
528 3404 692 3444 Marius
720 3405 872 3457 junior
909 3405 1067 3445 Consul
1101 3417 1212 3454 anuo

339 3467 435 3503 671.
465 3464 518 3503 ad
552 3464 844 3519 Sacriportum
872 3480 896 3506 a
927 3467 1044 3519 Sylla
1073 3466 1210 3506 victus

340 3526 566 3566 Praeneste
594 3526 770 3581 refugit,
802 3529 912 3570 unde
944 3541 1022 3582 per
1041 3529 1209 3570 cunicu-

1279 1759 1342 1799 los
1378 1760 1477 1799 dum
1509 1763 1652 1800 tentat
1687 1769 1926 1811 erumpere,
1955 1768 2155 1807 unacum

1279 1820 1415 1862 fratre
1434 1823 1631 1862 Telesino
1656 1833 1791 1862 caesus
1822 1825 1902 1860 est.
1959 1821 2154 1860 Fuerunt

1280 1885 1411 1924 etiam
1430 1886 1560 1925 Marii
1582 1883 1823 1925 Gratidiani
1853 1882 2090 1935 Ciceronis,
2109 1888 2155 1923 et

1280 1950 1418 2001 amici,
1435 1956 1479 1989 et
1499 1948 1660 1990 affines.

1333 2014 1382 2052 C.
1420 2012 1549 2052 Marii
1594 2011 1753 2064 septies
1807 2009 2003 2050 Consulis
2048 2007 2157 2049 vitia

1279 2077 1469 2116 Velleius
1497 2076 1570 2116 lib.
1592 2087 1644 2115 11.
1666 2075 1848 2114 virtutes
1866 2070 2092 2112 Sallustius
2111 2071 2155 2110 iu

1279 2140 1393 2179 bello
1412 2139 1669 2191 Jugurtbino
1690 2136 1910 2176 referunt:
1938 2134 2157 2186 utriusque

1279 2202 1410 2241 verba
1431 2201 1667 2253 subjiciam.
1702 2199 1820 2239 -Haec
1838 2197 2028 2238 Velleius
2045 2211 2057 2238 ι
2074 2199 2086 2219 ‘
2105 2197 2156 2237 C.

1279 2265 1444 2305 Marius
1495 2271 1618 2303 natus
1669 2261 1856 2316 equestri
1893 2262 1986 2300 loco
2019 2260 2156 2300 hirtus

1282 2333 1411 2379 atque
1469 2326 1688 2377 horridus,
1741 2325 1923 2376 vitaque*
1969 2329 2159 2374 sanctus,

1283 2396 1486 2443 quantum
1506 2389 1619 2429 bello
1639 2389 1840 2441 optimus,
1866 2392 2028 2427 tantum
2050 2399 2158 2439 pace

1283 2453 1505 2503 pessimus,
1525 2451 1777 2491 immodicus
1797 2451 1959 2502 gloriae,
1989 2450 2160 2489 insatia-

1285 2515 1398 2566 bilis,
1434 2517 1664 2566 impotens,
1703 2525 1959 2567 semperque
1995 2513 2157 2566 inquie-

1283 2577 1382 2618 tus!
1437 2577 1508 2617 Ita
1528 2576 1757 2616 Sallustius
1775 2589 1785 2616 ε
1815 2577 1827 2599 ‘
1843 2577 1967 2616 Illum
1973 2576 2064 2629 jam
2085 2588 2158 2616 an-

1281 2645 1354 2680 tea
1373 2640 1617 2679 consulatus
1650 2639 1799 2690 ingens
1829 2638 1986 2691 cupido
2014 2640 2159 2692 exagi-

1270 2703 1426 2743 ·tabat:
1459 2702 1513 2742 ad
1537 2715 1660 2755 quem
1693 2702 1962 2754 capiendum,
1998 2709 2161 2754 praeter

1281 2771 1537 2806 vetustatem
1548 2765 1827 2816 familiae,alia
1839 2765 1977 2805 omnia
1992 2764 2162 2806 abunde

1281 2837 1426 2872 erant:
1472 2831 1698 2883 industria,
1741 2831 1950 2883 probitaS,
1996 2832 2158 2873 militiae

1279 2908 1434 2947 magna
1454 2895 1650 2946 scientia,
1670 2896 1834 2935 animus
1862 2895 1965 2936 belli
1993 2896 2163 2948 ingens,

1282 2959 1397 2998 domi
1415 2959 1618 3010 modium,
1633 2958 1832 2998 lubidinis
1852 2964 1898 2998 et
1918 2958 2159 2999 divitiarum

1284 3022 1442 3075 victor,
1474 3022 1770 3063 tantummodo
1803 3023 1950 3074 gloriae
1992 3023 2158 3064 avidus.

1284 3087 1368 3127 Sed
1386 3087 1422 3127 is
1441 3092 1564 3127 natus
1583 3092 1630 3127 et
1649 3099 1727 3139 per
1745 3099 1912 3127 omnem
1931 3086 2158 3138 pueritiam

1286 3151 1438 3204 Arpini
1458 3153 1602 3202 alitus,
1619 3153 1694 3193 ubi
1721 3153 1902 3205 primum
1925 3157 2030 3192 aetas
2049 3151 2158 3191 mili-

1282 3216 1354 3254 tiae
1376 3216 1544 3267 patiens
1563 3214 1659 3264 fuit,
1686 3215 1912 3267 stipendiis
1930 3213 2159 3266 faciundis,

1283 3289 1368 3317 non
1388 3277 1545 3317 Graeca
1574 3277 1791 3328 facundia,
1822 3288 1961 3330 neque
1986 3277 2158 3318 urbanis

1282 3340 1499 3380 munditiis
1544 3351 1637 3380 sese
1683 3340 1905 3390 exercuit3
1949 3340 2013 3380 ita
2044 3341 2159 3380 inter

1282 3402 1416 3442 bonas
1438 3407 1551 3442 artes
1571 3402 1785 3455 integrum
1801 3402 2015 3459 ingenium
2035 3402 2156 3445 brevi

1281 3464 1499 3508 adolevit.’
