2346 3952
474 300 551 338 DE
601 298 740 337 vm..
793 296 950 336 MAx.
991 291 1380 334 TEs'rimomA
1426 291 1499 329 ΕΤ
1541 288 1815 328 JUDICIA.
1981 276 2052 338 19

227 417 282 470 in
306 425 602 488 argenteam
628 433 816 467 urnam
841 411 1128 477 recondens,
1172 411 1359 482 injecta
1388 426 1547 460 aurea
1577 425 1782 471 corona,
1821 405 1959 457 misit
1982 405 2054 457 ad

207 500 407 570 fllium.
485 500 575 553 Ita
607 499 874 553 Cornelius
903 497 1072 568 Nepos
1095 507 1143 549 et
1181 496 1412 548 Valerius
1439 493 1706 546 Maximus
1728 490 2016 562 prodidere.

584 641 653 694 A.
681 641 897 694 Gellius
925 638 1095 691 Noct.
1125 636 1243 690 Att.
1272 637 1396 688 Lib.
1424 650 1464 687 1.
1490 652 1615 703 cap.
1639 633 1692 686 8.

298 753 526 820 Scripta
547 751 669 804 haec
697 749 959 802 Historia
996 748 1087 816 [de
1129 748 1357 800 foemina
1399 764 1526 815 quae
1567 747 1744 799 virum
1785 749 1840 797 et
1877 743 2052 797 filium

224 837 424 890 eodem
450 842 696 903 tempore
723 834 952 887 venenis
980 834 1121 884 clam
1147 831 1292 883 datis
1318 831 1679 894 interfecerat,
1719 846 1819 882 nec
1866 834 2052 882 tamen

224 927 515 990 propterea
539 919 800 972 damnata
826 935 893 971 ac
917 918 1112 986 punita
1137 914 1248 980 est]
1292 917 1347 968 in
1389 916 1529 968 libro
1554 915 1784 968 Valerii·
1807 914 2050 967 Maximi

225 1006 530 1060 Factorum
555 1010 611 1056 et
638 1004 930 1056 Dictorum
960 1000 1416 1053 Memorabilium
1443 1005 1654 1051 octavo,

377 1149 504 1202 Joh.
532 1149 992 1212 saresberiensiS,
1022 1147 1350 1200 Policratici
1373 1148 1494 1199 Lib.
1525 1160 1662 1197 vm.
1690 1161 1812 1213 cap.
1838 1146 1894 1197 4.

294 1259 363 1312 In
391 1258 602 1323 Quinto
629 1259 899 1312 Considio
928 1259 1270 1312 saluberrimi
1298 1257 1560 1326 exempli,
1587 1274 1693 1310 nec
1720 1258 1840 1309 sine
1867 1270 2044 1324 parvo

229 1344 408 1413 ipsius
433 1344 614 1397 fructu
639 1344 949 1397 liberalitas
975 1343 1235 1396 referente
1261 1343 1490 1395 Valerio
1511 1346 1774 1395 annotata
1800 1347 1902 1394 est.

896 1485 970 1536 Et
992 1484 1130 1537 ibid.
1159 1501 1284 1552 cap.
1302 1484 1359 1536 6.

289 1593 391 1647 Est
415 1598 555 1649 enim
575 1598 859 1663 blandum,
883 1603 946 1650 ut
974 1600 1054 1653 ait
1077 1597 1357 1661 Valerius,
1375 1596 1600 1650 luxuria
1625 1594 1846 1658 malum,
1875 1610 2042 1664 quam

219 1695 487 1734 accusare
514 1682 797 1750 aliquanto
824 1684 1047 1736 facilius
1073 1688 1160 1735 est
1186 1700 1351 1752 quam
1378 1683 1572 1739 vitare.

360 1765 518 1818 Idem
543 1767 726 1820 multis
752 1785 975 1837 quoque
1002 1768 1126 1819 aliis
1151 1769 1295 1820 locis
1324 1767 1590 1820 Nostrum
1613 1765 1824 1818 laudat.

455 1911 777 1967 Ludovicus
805 1913 1019 1979 Carrin,
1049 1915 1336 1967 Emendat.
1365 1914 1491 1967 Lib.
1518 1928 1558 1965 1.
1585 1929 1711 1982 cap.
1738 1914 1792 1966 7.

286 2018 548 2074 Valerius
575 2022 866 2077 Maximus
890 2024 1102 2077 Tiberii
1126 2025 1270 2094 Imp.
1298 2007 1646 2094 temporibus
1671 2025 1907 2092 scriptor
1927 2040 2037 2076 non

215 2105 492 2171 ignobilis,
516 2111 572 2159 et
596 2108 783 2159 multis
806 2109 982 2176 ipsius
1010 2111 1358 2178 antiquitatis
1384 2110 1521 2179 praej
1531 2111 1726 2163 udiciis
1767 2109 2036 2161 recentio-

214 2205 335 2242 rum
362 2189 642 2243 hominum
668 2209 918 2247 censurae
946 2200 1184 2262 ereptus,

582 2329 703 2382 Jos.
731 2331 982 2399 Scaliger
1001 2332 1072 2384 ad
1101 2333 1408 2386 Eusebium
1432 2351 1483 2385 n.
1510 2334 1673 2387 1841.

287 2441 555 2511 Equidem
604 2443 774 2496 multa
811 2446 999 2498 notavi
1039 2446 1190 2514 apud
1228 2446 1511 2499 Valerium
1560 2446 1873 2499 Maximum
1919 2462 2035 2499 non

212 2525 349 2578 bene
399 2526 619 2592 Latina,
656 2529 833 2581 multa
872 2531 1052 2599 inepte
1090 2531 1365 2594 affectata,
1405 2532 1676 2599 optimum
1722 2532 1931 2599 alioqui
1979 2538 2036 2584 et

212 2609 570 2749 ἒίξξείἓὲἒ
597 2613 942 2681 scriptorem,
969 2631 1135 2683 quem
1162 2620 1353 2670 extare
1373 2616 1664 2684 plurimum
1691 2615 1855 2683 Reip.
1886 2616 2033 2668 Lite-

403 2833 537 2887 Joh.
564 2836 690 2890 Ger.
715 2837 962 2892 Vossius
987 2839 1055 2892 de
1081 2839 1360 2907 Analogia
1386 2840 1512 2892 Lib.
1543 2853 1582 2890 1.
1610 2855 1735 2907 cap.
1762 2838 1851 2891 22.

283 2944 544 2999 Valerius
572 2949 859 3003 Maximus
885 2969 991 3004 non
1018 2953 1162 3006 adeo
1189 2954 1475 3006 verborum
1499 2957 1586 3004 est
1607 2951 1876 3014 curiosuS,
1903 2965 2028 3017 quae

210 3027 481 3082 interdum
509 3034 718 3102 accipit
741 3052 777 3087 a
799 3037 988 3104 vulgo.

281 3167 426 3235 Aug.
453 3171 774 3225 Buchnerus
801 3174 872 3226 ad
901 3173 1037 3227 Got.
1067 3173 1369 3237 Olearium,
1397 3173 1581 3242 Epist.
1608 3172 1774 3225 Parte
1803 3185 1842 3224 1.
1866 3170 1956 3227 76.

282 3279 372 3331 De
397 3280 626 3336 Valerio
654 3285 911 3338 Maximo
938 3288 1020 3339 ita
1047 3287 1242 3350 sentio,
1287 3303 1410 3338 esse
1449 3286 1626 3337 multo
1651 3281 2028 3345 utilissimum,

210 3368 266 3415 et
291 3363 452 3416 valde
475 3370 843 3422 necessarium
866 3371 1215 3439 scriptorem,
1258 3371 1358 3423 sed
1406 3386 1533 3420 eum
1571 3366 1707 3418 viris
1750 3365 1929 3432 magis
1971 3372 2028 3416 et

211 3446 411 3513 quibus
428 3448 548 3516 jam
573 3452 896 3508 confirmata
923 3456 1049 3525 styli
1075 3457 1361 3522 integritas
1381 3459 1487 3515 est,
1514 3467 1677 3519 quam
1704 3449 2026 3505 adolescen„
