2352 4010
853 230 1267 274 coNSPEG'rUS.
1938 231 1975 268 v

157 424 283 481 Lib.
323 436 378 474 v.
430 437 552 492 cap.
583 434 666 474 v1.
716 419 803 472 De
831 419 1054 472 Pietate
1076 434 1206 488 erga
1229 415 1476 470 Patriam
1519 455 1533 469 .
1752 454 1764 468 .
1874 414 1982 469 560

158 532 367 553 -—-
429 523 554 577 cap.
585 519 694 558 vn.
735 505 824 558 De
850 503 1084 558 Patrum
1104 501 1310 557 Amore
1337 510 1396 556 et
1415 500 1769 569 Indulgentia

227 593 286 645 in
309 590 546 646 Liberos
817 630 830 643 .
1052 627 1066 640 .
1287 627 1301 641 .
1520 623 1536 639 .
1754 624 1767 637 .
1875 586 1986 639 570

156 701 367 719 Ι

431 693 557 746 cap.
583 689 719 730 vul.
759 674 872 740 Qui
898 672 1080 729 severi
1103 672 1374 726 adversus
1399 672 1634 726 Liberos
1753 709 1767 725 .
1877 670 1988 724 575

430 779 557 832 cap.
588 774 679 814 xx.
740 760 858 826 Qui
893 758 1167 813 moderati
1197 773 1330 825 erga
1352 761 1652 827 suspectos
1677 755 1770 810 Li·

226 851 396 904 beros
585 885 602 901 .
703 873 708 877 ·
822 885 835 898 .
1054 883 1069 896 .
1296 881 1310 895 .
1524 883 1538 896 .
1759 879 1772 892 .
1880 840 1990 894 579

429 950 552 1004 cap.
592 946 656 986 x.
709 931 828 998 Qui
871 931 1109 985 filiorum
1146 928 1378 983 Obitum
1415 929 1544 983 forti
1581 927 1797 982 animo·

229 1019 468 1072 tulerunt
576 1058 591 1071 .
1287 1053 1302 1067 .
1522 1055 1536 1068 .
1757 1053 1769 1067 .
1880 1010 1991 1065 582

160 1103 283 1156 Lib.
311 1117 395 1157 νι.
431 1120 554 1173 cap.
580 1118 619 1155 1.
674 1103 762 1157 De
786 1101 1077 1155 Pudicitia
1292 1137 1306 1150 .
1760 1135 1772 1148 .
1879 1094 1991 1150 587

431 1204 556 1258 cap.
584 1202 650 1241 11.
708 1188 855 1254 Quae
878 1188 1054 1241 libere
1075 1185 1232 1239 dicta
1258 1190 1358 1238 aut
1381 1184 1539 1238 facta
1757 1219 1770 1233 .
1879 1181 1992 1234 597

432 1290 560 1343 cap.
587 1289 681 1329 111.
721 1275 811 1328 De
839 1273 1147 1329 Severitate
1294 1311 1308 1324 .
1760 1305 1773 1318 .
1880 1267 1993 1321 609

161 1384 370 1399 ---
432 1363 557 1428 cap.
586 1374 671 1414 ιν.
711 1359 801 1412 De
825 1360 1067 1427 graviter
1087 1356 1257 1410 dictis
1280 1361 1382 1410 aut
1403 1308 1571 1410 factis
1756 1392 1770 1406 .
1879 1353 1991 1406 619

158 1469 369 1483 ----
433 1460 555 1513 cap.
582 1459 640 1499 v.
694 1445 782 1498 De
807 1444 1048 1498 Justitia
1290 1481 1303 1495 .
1523 1478 1537 1492 .
1757 1474 1772 1491 .
1879 1438 1991 1492 627

160 1551 370 1568 ----
431 1545 556 1598 cap.
585 1543 668 1582 vl.
708 1530 796 1582 De
823 1529 963 1582 Fide
988 1527 1229 1582 Publica
1286 1566 1300 1580 .
1521 1564 1535 1579 .
1759 1563 1772 1576 .
1880 1522 1991 1576 637

159 1637 371 1650 ——-—
432 1629 556 1682 cap.
578 1628 688 1666 vn.
727 1614 818 1667 De
840 1614 981 1668 Fide
1001 1613 1263 1668 Uxorum
1286 1627 1418 1680 erga
1445 1610 1686 1664 Maritos
1759 1646 1772 1660 .
1881 1607 1992 1661 642

432 1712 556 1767 cap.
586 1712 722 1752 vm.
762 1700 854 1752 De
875 1699 1016 1753 Fide
1034 1699 1336 1754 Servorum
1353 1712 1487 1766 erga
1500 1695 1775 1749 Dominos
1881 1694 1992 1748 644

158 1801 377 1823 ·-·--—-
435 1798 560 1850 cap.
593 1796 685 1838 lx.
740 1783 828 1837 De
872 1783 1194 1838 Mutaticne
1235 1783 1464 1836 Morum
1503 1785 1601 1835 aut
1639 1779 1775 1834 For-

229 1868 383 1917 tunae
507 1891 515 1895 ·
594 1907 607 1919 .
827 1907 840 1919 .
1058 1906 1072 1920 .
1291 1906 1304 1919 .
1524 1905 1537 1918 .
1759 1904 1773 1919 .
1882 1862 1994 1917 650

160 1947 283 2002 Lib.
303 1963 412 2003 vn.
434 1966 561 2019 cap.
591 1966 630 2003 ι.
682 1953 772 2006 De
796 1953 1087 2007 Felicitate
1292 1992 1307 2005 .
1530 1990 1544 2003 .
1761 1989 1772 2002 .
1883 1947 1996 2002 665

434 2050 561 2102 cap.
590 2049 659 2089 11.
699 2036 787 2089 De
811 2039 1087 2106 sapienter
1112 2036 1279 2091 dictis
1303 2040 1401 2090 aut
1422 2035 1586 2089 sactis
1760 2074 1773 2088 .
1881 2033 1995 2088 669

162 2142 371 2155 ·——-
433 2133 559 2186 cap.
589 2132 681 2171 111.
744 2121 837 2173 De
859 2121 1013 2175 vafre
1037 2120 1208 2174 dictis
1233 2126 1334 2174 aut
1355 2120 1526 2173 factis
1762 2155 1774 2168 .
1882 2117 1995 2171 683

162 2229 373 2243 —-—-
434 2218 559 2272 cap.
588 2217 670 2254 lv.
712 2205 801 2256 De
828 2205 1255 2270 strategematis
1293 2243 1306 2255 .
1527 2239 1540 2252 .
1757 2238 1770 2252 .
1882 2201 1994 2256 699

162 2313 372 2327 —--—-·
434 2303 561 2356 cap.
588 2302 644 2340 v.
685 2288 776 2341 De
800 2287 1071 2357 Repulsis
1292 2325 1304 2337 .
1524 2324 1538 2338 .
1762 2323 1773 2336 .
1883 2286 1994 2339 707

164 2396 373 2419 ——-—
435 2387 560 2440 cap.
588 2386 668 2426 v1.
727 2372 816 2424 De
842 2370 1201 2424 Necessitate
1293 2408 1307 2422 .
1524 2409 1537 2422 .
1759 2410 1772 2424 .
1881 2370 1993 2424 712

164 2481 374 2496 -----
435 2472 561 2526 cap.
592 2470 698 2510 vu.
751 2457 843 2510 De
865 2456 1238 2510 Testamentis
1263 2455 1522 2509 rescissis
1762 2492 1775 2506 .
1883 2455 1991 2511 721
2096 2506 2097 2509 ,

432 2558 561 2611 cap.
610 2555 748 2597 vm.
834 2542 925 2595 De
975 2541 1114 2596 ratis
1161 2541 1540 2595 Testamentis
1588 2546 1648 2595 et
1695 2541 1778 2594 in-

236 2627 471 2695 speratis
585 2651 605 2679 ¹.
1760 2665 1772 2678 .
1880 2626 1992 2681 726

165 2711 286 2764 Lib.
289 2724 428 2765 v111.
439 2727 564 2781 cap.
591 2725 630 2763 1.
680 2712 769 2766 De
792 2710 831 2765 J
834 2711 1039 2764 adicus
1063 2710 1309 2779 publicis
1334 2710 1649 2779 insignibus
1761 2750 1773 2764 .
1881 2711 1993 2765 732

437 2812 563 2866 cap.
592 2810 662 2851 11.
718 2797 807 2850 De
833 2796 1071 2867 privatis
1095 2795 1339 2849 Jud1cns
1361 2796 1668 2865 insignibus
1758 2836 1772 2850 .
1881 2796 1992 2850 746

434 2897 562 2950 cap.
593 2895 688 2935 ιιι.
747 2881 836 2934 De
863 2880 1198 2935 Mulieribus
1223 2897 1352 2950 quae
1377 2880 1600 2936 Causas
1625 2881 1777 2952 apud

236 2963 605 3033 Magistratus
628 2971 859 3035 egerunt
1058 3006 1070 3019 .
1291 3006 1304 3019 .
1523 3007 1536 3020 .
1636 3025 1639 3027 ‚
1755 3005 1769 3018 .
1879 2966 1992 3019 750

166 3074 376 3095 ---
438 3066 560 3120 cap.
589 3066 670 3103 ιν.
734 3052 824 3104 De
850 3050 1282 3116 Quaestionibus
1527 3091 1540 3104 .
1759 3090 1773 3102 .
1880 3050 1990 3103 752

231 3156 233 3158 ·
437 3151 563 3204 cap.
594 3150 650 3187 v.
694 3136 784 3188 De
808 3136 1179 3190 Testimoniis
1202 3135 1370 3190 irritis
1394 3136 1486 3190 vel
1509 3135 1648 3188 ratis
1757 3173 1769 3186 .
1879 3134 1990 3189 753

166 3245 375 3262 -—-·-··-
434 3235 558 3289 cap.
585 3234 666 3272 vl.
726 3220 842 3286 Qui
881 3239 1006 3291 quae
1045 3224 1103 3275 in
1141 3223 1266 3275 aliis
1289 3220 1635 3276 vindicarant
1659 3221 1771 3290 ipsi

234 3303 630 3358 commiserunt
832 3347 844 3359 .
1061 3345 1072 3358 .
1295 3345 1308 3357 .
1524 3345 1537 3359 .
1758 3342 1772 3356 .
1876 3306 1987 3359 757

435 3404 562 3458 cap.
591 3402 698 3443 vu.
750 3391 838 3444 De
863 3390 1056 3445 Studio
1082 3395 1137 3446 et
1162 3390 1449 3446 Industria
1525 3430 1537 3442 .
1756 3429 1768 3442 .
1877 3390 1988 3444 760
