2346 3952
414 323 487 379 22
981 337 1059 377 DE
1100 340 1371 378 vitumno
1412 335 1668 376 MAX1Mo

415 459 556 511 satis
598 457 818 510 memini
844 457 1092 510 aliorum.
1168 457 1235 508 In
1259 458 1441 510 medio
1467 474 1598 512 vero
1625 473 1748 509 aevo
1776 459 1930 510 tanta
1954 457 2058 510 fuit
2095 457 2218 527 ejus

413 543 734 604 auctoritaS,
758 547 819 594 ut
854 543 1089 608 integras
1126 544 1496 594 narrationum
1538 540 1761 594 tabulas
1786 542 1974 594 multis
2003 542 2217 596 dederit

410 627 909 693 transcriptoribUS.
985 624 1237 688 Quorum
1276 632 1560 678 auctorum
1601 626 1849 677 nonnulli
1876 626 2016 678 adeo
2042 627 2112 679 de
2150 644 2218 679 eo

413 710 594 764 securi
623 709 852 771 fuerunt,
881 714 939 759 ut
962 710 1201 761 nominis
1228 712 1392 762 etiam
1420 711 1702 778 potuerint
1735 710 2012 762 oblivisci.
2085 711 2217 763 Ful-

410 797 596 847 bertus
624 792 993 855 Carnotensis,
1019 795 1114 860 qui
1140 795 1316 861 Epist.
1342 794 1430 846 96.
1456 794 1743 846 Valerium
1789 794 2001 846 Rufum
2037 801 2218 848 vocat.

411 879 728 930 Sermonem
754 876 869 944 ejus
896 877 1178 928 incessunt
1203 878 1392 944 aliqui.
1467 877 1650 929 Nobis
1689 894 1821 929 sane
1847 877 2136 930 militarior
2160 883 2218 930 et

411 962 752 1024 castrensior,
778 978 942 1028 quam
971 963 1186 1013 civilior
1223 966 1277 1014 et
1314 963 1575 1013 urbanior
1596 962 1828 1025 videtur,
1878 967 2063 1014 tamen
2087 962 2217 1015 talis

410 1052 472 1098 ut
509 1047 579 1098 ad
614 1047 720 1097 hoc
759 1046 1077 1112 scriptionis
1118 1064 1287 1113 genus
1332 1046 1756 1099 commodiorem
1800 1050 1988 1114 putem
2030 1047 2216 1099 soluto

411 1129 623 1198 aliqu0,
649 1141 706 1182 et
730 1130 947 1181 lumbos
974 1131 1042 1182 ad
1069 1132 1308 1182 alienum
1336 1131 1619 1182 arbitrium
1646 1131 1911 1182 trahente.
1973 1128 2085 1192 Qui
2111 1129 2214 1183 Vi-

409 1217 648 1267 truvium
668 1215 1016 1282 Pliniumque
1044 1216 1313 1266 seniorem
1338 1216 1546 1281 legerit,
1573 1219 1782 1282 partem
1810 1215 1984 1267 etiam
2009 1213 2214 1269 Velleii

408 1299 708 1363 Paterculi,
723 1298 873 1350 nullo
899 1303 1203 1367 temporum
1220 1299 1545 1368 praejudicio
1569 1299 1639 1351 ad
1665 1298 1880 1351 Valerii
1905 1299 2214 1353 damnatio-

405 1400 529 1436 nem
553 1385 746 1437 veniet.
820 1382 1103 1447 Quaesivit
1145 1386 1202 1436 in
1245 1386 1410 1436 rebus
1455 1385 1612 1436 seriis
1641 1384 1944 1436 orationem
1971 1400 2211 1458 gravem,

406 1470 676 1533 strictam,
699 1461 990 1531 ardentem,
1033 1470 1251 1537 plenam
1280 1470 1523 1538 censuris
1563 1474 1618 1521 et
1659 1469 1950 1521 laudibus:
1986 1469 2044 1520 in
2080 1485 2212 1522 con-

404 1555 584 1606 trariis
609 1554 1008 1605 narrationibus
1034 1560 1418 1621 properantem
1445 1559 1501 1606 et
1526 1554 1927 1618 vehementem,
1970 1570 2079 1621 quo
2120 1570 2212 1621 ge-

404 1655 530 1691 nere
558 1637 1047 1691 Historiolae'tales
1084 1645 1232 1706 apte,
1258 1640 1486 1703 fortiter,
1514 1638 1828 1702 efficaciter,
1850 1644 1905 1692 et
1940 1637 2213 1706 profunde

404 1723 602 1774 animis
627 1723 933 1791 praesertim
952 1728 1264 1790 magnatum
1287 1724 1703 1792 imprimuntur:
1731 1723 1879 1792 quod
1907 1739 2037 1789 ergo
2062 1722 2211 1774 ineo

404 1807 719 1875 vituperant
742 1808 841 1870 illi,
865 1822 965 1858 nos
991 1823 1115 1858 cum
1140 1808 1331 1875 primis
1357 1807 1669 1872 laudamu8‚
1710 1813 1768 1859 et
1797 1806 2074 1876 judicium
2115 1821 2211 1858 na-

404 1897 539 1945 turae
555 1891 812 1960 junctum
838 1891 1201 1958 agnoscimus,

1218 2018 1394 2071 Idem.

471 2126 728 2180 Valerius
755 2126 1042 2180 Maximus
1086 2129 1412 2182 utilissimus
1453 2134 1648 2182 auctor
1686 2132 1790 2190 est,
1835 2132 1888 2180 et
1932 2126 2210 2180 Romanis

399 2213 564 2264 rebus
587 2213 907 2264 florentibus
926 2212 1072 2264 haud
1096 2214 1371 2280 ignobiliS,
1388 2219 1579 2282 utpote
1599 2230 1760 2281 quem
1784 2212 2012 2264 laudent
2026 2211 2207 2278 magni

400 2296 691 2362 Philologi,
718 2296 818 2347 etsi
866 2297 1015 2362 prior
1052 2297 1359 2364 posteriore
1401 2298 1563 2363 longo
1599 2297 1886 2350 intervallo
1912 2295 2206 2364 posterior,

397 2380 729 2432 Plutarchus
758 2384 810 2431 et
836 2379 1103 2447 AgelliuS.
1179 2381 1514 2433 Rectissime
1553 2382 1621 2432 de
1666 2398 1732 2433 eo
1776 2385 1967 2433 censet
1999 2379 2070 2432 ad
2095 2379 2206 2430 Eu·

399 2465 613 2517 sebium
640 2464 889 2530 Scaliger
926 2465 1228 2531 plurimum
1264 2466 1525 2517 interesse
1563 2464 1729 2532 Reip.
1757 2464 2046 2516 Literariae
2083 2479 2204 2514 eum

395 2555 588 2601 extare
626 2549 694 2600 ad
732 2554 925 2600 nostra
949 2554 1214 2616 tempora.
1290 2549 1367 2600 Ut
1404 2550 1688 2601 minimum
1732 2548 1878 2600 enim
1916 2547 2206 2599 Dictorum

397 2632 802 2700 Factorumque
844 2633 1237 2685 Memorabiles
1265 2633 1610 2685 Historiolas
1637 2637 1852 2684 centum
1891 2635 1946 2683 et
1987 2631 2206 2698 triginta

394 2718 450 2768 in
476 2734 541 2769 eo
564 2733 848 2784 superesse
874 2717 1174 2784 aliquando
1199 2718 1404 2780 notavi,
1443 2734 1674 2784 quorum
1711 2717 1971 2768 damnum
1996 2715 2205 2767 amisso

393 2801 498 2853 hoc
525 2806 748 2853 auctore
777 2817 849 2851 ex
876 2801 1031 2852 nullo
1061 2801 1171 2852 alio
1210 2801 1452 2868 reparari
1490 2802 1690 2868 possit.
1716 2825 1718 2827 ·
1764 2799 2031 2852 Barbaris
2064 2802 2200 2850 tem-

392 2885 623 2954 poribus
670 2884 981 2936 tritissimus
1023 2884 1128 2936 fuit
1168 2885 1239 2936 ob
1280 2885 1600 2936 varietatem
1643 2886 2052 2937 narrationum:
2092 2899 2204 2952 quo

393 2985 584 3036 genere
626 2968 884 3019 delectati
930 2970 1171 3020 maxime
1220 2969 1445 3021 fuerunt
1483 2969 1682 3021 Patres
1724 2970 1807 3021 illi
1849 2967 2204 3020 Scholastici.

392 3053 612 3104 Habuit
638 3052 855 3104 illorum
873 3054 1202 3104 saeculorum
1227 3070 1334 3106 uno
1358 3060 1657 3106 amatorem
1678 3055 1944 3122 insignem
1965 3052 2199 3105 Danicae

394 3137 662 3189 Historiae
691 3136 1028 3188 conditorem
1053 3137 1328 3189 Saxonem
1356 3138 1811 3200 Grammaticum,
1828 3139 1910 3189 sic
1931 3135 2069 3188 satis
2093 3134 2202 3187 La-

390 3221 626 3273 tinitatis
651 3221 956 3273 scribendae
982 3237 1247 3288 capacem
1272 3227 1576 3285 auctorem,
1619 3227 1674 3273 et
1715 3220 1942 3288 poetam
1979 3219 2201 3272 omnino

392 3320 560 3372 supra
604 3310 825 3373 captum
864 3307 1046 3358 aetatis
1090 3322 1230 3359 suae.
1305 3306 1410 3358 Est
1454 3312 1639 3358 autem
1675 3321 1880 3371 magna
1920 3302 2200 3356 accuratio

391 3389 603 3442 Valerii
629 3391 682 3441 in
706 3389 925 3456 multis;
963 3395 1024 3442 ut
1063 3391 1233 3443 multa
1270 3391 1464 3442 melius
1493 3393 1674 3442 narrat
1698 3390 1836 3456 ipsis
1862 3388 2200 3450 auctoribuS,

390 3475 535 3528 unde
563 3476 749 3539 sumit,
776 3475 984 3528 additis
1011 3476 1335 3545 plerumque
1377 3475 1660 3544 praeclaris
1693 3473 1933 3527 monitis.
2007 3473 2200 3528 Libro-
