2352 4022
706 283 839 320 GAP.
868 280 932 318 X.
973 279 1053 319 DE
1095 275 1474 318 MAJESTATE.
1891 266 1995 320 327

178 403 449 456 Seleucus
464 400 485 431 ¹³
508 402 565 454 in
590 401 875 469 pristinam
902 399 1095 451 sedem
1118 395 1484 465 reportandas
1507 394 1740 447 curavit.
1792 393 2000 447 Rhodii

180 503 402 555 quoque
427 502 525 539 eas
550 485 671 538 urbi
696 501 813 536 suae
841 482 1133 550 appulsaS,
1175 497 1302 533 cum
1345 481 1405 532 in
1446 479 1748 548 hospitium
1773 479 2000 548 publice

178 570 528 632 invitassent,
556 568 731 621 sacris
756 567 923 619 etiam
947 565 1333 633 pulvinaribus
1361 565 1787 618 collocaverunt.
1845 562 2004 615 Nihil

180 653 286 706 hac
310 653 579 705 memoria
600 652 837 713 feliciuS,
863 664 988 717 quae
1013 653 1226 702 tantum
1252 648 1631 705 venerationis
1658 649 1713 701 in
1738 654 1854 701 tam
1878 662 2004 716 par-

181 739 312 790 vulo
337 754 445 790 aere
471 733 760 806 possidet!
777 739 816 774 ³⁷

251 823 302 875 2.
342 822 629 886 Quantum
650 835 814 889 porro
838 817 1062 870 honoris
1090 815 1325 870 Athenis
1353 816 1703 871 Xenocratic
1731 815 2008 886 sapientia

181 906 388 975 pariter
412 921 480 958 ac
504 905 801 958 sanctitate
824 902 975 954 claro
998 900 1262 954 tributum
1287 902 1408 954 est'?
1484 902 1598 967 Qui
1620 902 1661 940 ³⁸
1700 918 1826 956 cum
1853 901 2008 955 testi-

186 991 428 1044 monium
452 988 638 1042 dicere
663 992 898 1041 coactus
926 985 999 1038 ad
1027 1001 1178 1038 aram
1215 987 1569 1053 accessisset,
1606 994 1670 1039 ut
1707 1003 1861 1040 more
1885 986 2010 1055 ejus

187 1075 435 1128 civitatis
456 1080 499 1114 ³⁹
516 1070 539 1102 ‘³
567 1074 798 1141 juraret,
823 1072 1014 1125 omnia
1038 1088 1099 1123 se
1128 1086 1255 1123 vere
1280 1071 1558 1135 retulisse,
1578 1071 1828 1124 universi
1857 1071 2012 1140 judi-

185 1175 278 1213 ces
325 1162 810 1220 consurrexerunt,
858 1157 1402 1225 proclamaruntque,
1462 1160 1479 1183 ‘
1496 1172 1566 1208 ne
1624 1155 2012 1225 jusjurandum

187 1243 395 1296 diceret
414 1242 446 1295 τ’
473 1243 733 1312 quodque
760 1242 1122 1310 sibimetipsis
1147 1242 1494 1310 postmodum
1520 1241 1771 1294 dicendae
1800 1247 2014 1293 senten-

189 1328 286 1382 tiae
309 1329 438 1380 loco
465 1327 744 1380 remissuri
770 1342 883 1378 non
917 1332 1089 1389 erant,
1125 1327 1425 1379 sinceritati
1449 1325 1573 1394 ejus
1600 1325 2015 1379 concedendum

191 1412 618 1475 existimarunt,-

245 1577 257 1604 ί
287 1577 404 1618 Nihil
410 1577 575 1626 felicius
591 1578 775 1617 memoria
792 1577 951 1617 illorum
977 1578 1166 1626 virorum,
1185 1589 1298 1628 quam
1314 1576 1460 1629 posteri
1493 1580 1606 1617 tanta
1622 1577 1870 1618 veneratione
1891 1589 2021 1629 prose-

192 1631 274 1672 cuti
290 1636 398 1679 sunt,
414 1632 534 1671 etiam
550 1632 586 1670 si
605 1643 673 1671 neo
687 1633 891 1671 admodum
906 1630 1049 1671 divites
1057 1629 1248 1679 fuissent.

240 1685 260 1719 1'
290 1686 346 1725 Et
358 1689 546 1736 putarunt
561 1686 838 1724 concedendum
854 1684 1087 1734 integritati
1104 1685 1213 1724 illius
1230 1684 1324 1734 viri,
1342 1687 1389 1724 ut
1405 1696 1482 1723 non
1490 1683 1665 1736 juraret,
1681 1685 1781 1736 quod
1797 1696 1875 1726 non
1906 1690 2019 1725 erant

193 1738 269 1778 sibi
286 1738 502 1780 concessuri
518 1738 561 1778 in
579 1738 740 1779 dicenda
761 1738 970 1787 sententia,
990 1737 1280 1789 quiajurabant
1298 1750 1339 1779 se
1356 1749 1491 1779 verum
1499 1737 1697 1788 jndicare.

961 1857 1006 1871 ‘O

1184 1856 1260 1871 N&

195 1942 301 1980 -37
331 1939 403 1979 Sic
421 1952 475 1979 ex
496 1938 690 1979 omnibus
711 1939 795 1978 suis
815 1939 941 1979 codd.
964 1939 1156 1980 restituit
1173 1939 1430 1989 Torrenius,
1419 1952 1428 1961 ·
1460 1943 1505 1979 et
1522 1938 1584 1979 sic
1600 1938 1703 1980 Vet.
1733 1939 1804 1979 alii
1832 1939 2018 1992 possedit.

195 1995 302 2033 —38
333 1993 414 2038 Qui
437 1993 560 2033 abest
591 1993 735 2032 aVet.
773 1998 819 2032 et
850 1993 1063 2033 nonnullis
1097 1993 1277 2033 Torreu.
1310 1993 1436 2033 codd.
1439 1996 1547 2032 -39
1574 1992 1644 2032 Ita
1679 1993 1804 2046 longe
1836 1994 2023 2034 maxima

198 2046 324 2086 codd.
346 2059 444 2098 pars
463 2052 510 2086 et
527 2058 672 2086 omnes
691 2045 790 2085 edd.
809 2059 914 2087 inore
929 2046 1106 2086 civitatis
1124 2047 1249 2099 Pigh.
1269 2047 1413 2088 Coler.
1432 2046 1558 2099 Thys.
1586 2046 1747 2099 Delph.
1776 2049 1858 2088 &c-

198 2112 277 2152 pro
297 2100 476 2140 retulisse
488 2100 591 2140 Vet.
611 2100 772 2140 dixisse.

1914 2048 2020 2088 Mox

1024 2192 1204 2237 NOTAE

252 2287 273 2315 ¹²
289 2289 491 2340 Seleucus]
545 2289 750 2340 Nicanor,
788 2287 862 2341 qui
891 2288 1080 2330 Seleuci-

198 2354 349 2394 darum
371 2355 413 2394 in
429 2352 532 2393 Asia
551 2352 745 2393 condidit
764 2353 1016 2405 Imperium,
1036 2359 1082 2393 et

201 2417 494 2469 nonagenario
514 2417 648 2468 major
674 2415 868 2456 omnibns
894 2415 1081 2456 Alexan-

200 2479 268 2520 dri
315 2479 496 2520 ducibus
541 2483 757 2530 superstes
791 2491 815 2518 a
842 2478 1081 2520 Ptolemaeo

204 2542 401 2582 Cerauno
415 2548 592 2582 necatus
612 2548 691 2581 est.

256 2611 276 2632 θ
294 2605 531 2656 Xenocrati]
571 2605 843 2646 Chalcedone
862 2605 1081 2657 oriundus,

205 2668 399 2710 Platonis
435 2668 621 2720 auditor,
657 2669 731 2722 qui
774 2670 817 2709 in
851 2668 1084 2710 Academia

206 2734 453 2786 Speusippo
491 2734 722 2774 successit:
769 2734 892 2786 cujus
941 2734 1083 2774 verbis

205 2802 331 2837 tanta
347 2796 453 2837 fides
468 2796 723 2849 habebatur,
735 2803 784 2837 ut
797 2809 893 2837 cum
910 2797 1083 2849 injurati

206 2859 496 2911 testimonium
552 2860 710 2900 nullius
764 2860 1082 2911 admitteretur,

1146 2289 1244 2331 huic
1262 2290 1340 2331 soli
1355 2289 1545 2343 injurato
1564 2288 1831 2331 crederetur.

1200 2352 1220 2380 d
1243 2355 1354 2394 More
1398 2353 1480 2403 ejus
1521 2352 1719 2404 civitatis]
1773 2352 1910 2393 Moris
1943 2352 2027 2394 fuit

1149 2416 1344 2465 Athenis,
1374 2421 1425 2461 ut
1457 2422 1609 2468 testeS,
1640 2415 1713 2456 ubi
1737 2415 2026 2457 testimonium

1149 2481 1216 2520 vel
1239 2491 1379 2521 coram
1400 2479 1625 2532 dixissent,
1639 2479 1709 2519 vel
1728 2478 1953 2520 dedissent
1970 2484 2029 2520 ta-

1151 2542 1261 2582 bulis
1291 2542 1561 2594 inscriptum‚
1585 2543 1788 2594 jurarent
1817 2554 1895 2593 per
1922 2542 2027 2583 libe-

1152 2617 1294 2645 rorum
1314 2606 1496 2646 salutem
1514 2617 1561 2645 se
1581 2617 1685 2645 vera
1702 2604 1870 2654 dicere;
1898 2606 1935 2645 si
1955 2618 2027 2646 ve-

1151 2681 1198 2708 ro
1217 2670 1271 2709 de
1292 2681 1339 2709 re
1360 2669 1536 2721 capitali
1556 2673 1774 2720 ageretur,
1801 2667 1896 2718 sibi,
1921 2668 2026 2709 suis-

1151 2744 1251 2784 que,
1280 2732 1315 2772 si
1333 2731 1440 2771 falsa
1466 2731 1680 2780 dicerent,
1709 2731 1801 2770 dira
1818 2731 2029 2783 impreca-

1152 2801 1314 2834 rentur.
1369 2795 1477 2835 Quae
1497 2806 1551 2833 ex
1573 2794 1797 2835 Demosth.
1830 2799 1875 2834 et
1907 2795 2028 2836 Cice-

1153 2870 1254 2899 rone
1268 2863 1389 2900 certa
1405 2863 1519 2898 sunt.
