<?xml version="1.0" encoding="UTF-8"?>
<!DOCTYPE html PUBLIC "-//W3C//DTD XHTML 1.0 Transitional//EN"
    "http://www.w3.org/TR/xhtml1/DTD/xhtml1-transitional.dtd">
<html xmlns="http://www.w3.org/1999/xhtml" xml:lang="en" lang="en">
 <head>
  <title>
</title>
<meta http-equiv="Content-Type" content="text/html;charset=utf-8" />
  <meta name='ocr-system' content='tesseract 3.04.00' />
  <meta name='ocr-capabilities' content='ocr_page ocr_carea ocr_par ocr_line ocrx_word'/>
</head>
<body>
  <div class='ocr_page' id='page_1' title='image "./factorumdictorum01valeuoft_0035.png"; bbox 0 0 2346 3952; ppageno 0'>
   <div class='ocr_carea' id='block_1_1' title="bbox 724 343 2042 400">
    <p class='ocr_par' dir='ltr' id='par_1_1' title="bbox 724 343 2042 400">
     <span class='ocr_line' id='line_1_1' title="bbox 724 343 2042 400; baseline -0.001 -5"><span class='ocrx_word' id='word_1_1' title='bbox 724 356 1106 400; x_wconf 68' lang='lat' dir='ltr'><strong>&#39;res&#39;rmomA</strong></span> <span class='ocrx_word' id='word_1_2' title='bbox 1151 356 1225 394; x_wconf 70' lang='grc' dir='ltr'><strong>ΕΤ</strong></span> <span class='ocrx_word' id='word_1_3' title='bbox 1264 354 1541 395; x_wconf 70' lang='lat' dir='ltr'><strong>semem.</strong></span> <span class='ocrx_word' id='word_1_4' title='bbox 1974 343 2042 394; x_wconf 78' lang='lat'><strong>21</strong></span> 
     </span>
    </p>
   </div>
   <div class='ocr_carea' id='block_1_2' title="bbox 223 474 2048 802">
    <p class='ocr_par' dir='ltr' id='par_1_2' title="bbox 223 474 2048 802">
     <span class='ocr_line' id='line_1_2' title="bbox 226 474 2047 546; baseline -0.004 -13"><span class='ocrx_word' id='word_1_5' title='bbox 226 497 346 534; x_wconf 89' lang='lat' dir='ltr'><strong>rum</strong></span> <span class='ocrx_word' id='word_1_6' title='bbox 370 479 664 543; x_wconf 84' lang='lat' dir='ltr'><strong>varietate,</strong></span> <span class='ocrx_word' id='word_1_7' title='bbox 689 479 744 532; x_wconf 90' lang='lat' dir='ltr'><strong>in</strong></span> <span class='ocrx_word' id='word_1_8' title='bbox 771 478 974 546; x_wconf 89' lang='lat' dir='ltr'><strong>quibus</strong></span> <span class='ocrx_word' id='word_1_9' title='bbox 1000 477 1104 530; x_wconf 88' lang='lat' dir='ltr'><strong>etsi</strong></span> <span class='ocrx_word' id='word_1_10' title='bbox 1130 477 1263 530; x_wconf 86' lang='lat' dir='ltr'>nihil</span> <span class='ocrx_word' id='word_1_11' title='bbox 1287 481 1389 541; x_wconf 87' lang='lat' dir='ltr'><strong>est,</strong></span> <span class='ocrx_word' id='word_1_12' title='bbox 1416 475 1566 545; x_wconf 92' lang='lat' dir='ltr'><strong>quod</strong></span> <span class='ocrx_word' id='word_1_13' title='bbox 1591 491 1699 526; x_wconf 92' lang='lat' dir='ltr'><strong>non</strong></span> <span class='ocrx_word' id='word_1_14' title='bbox 1726 474 1878 543; x_wconf 89' lang='lat' dir='ltr'><strong>apud</strong></span> <span class='ocrx_word' id='word_1_15' title='bbox 1901 475 2047 527; x_wconf 88' lang='lat' dir='ltr'><strong>alios</strong></span> 
     </span>
     <span class='ocr_line' id='line_1_3' title="bbox 227 561 2047 633; baseline -0.002 -17"><span class='ocrx_word' id='word_1_16' title='bbox 227 581 452 633; x_wconf 92' lang='lat' dir='ltr'><strong>quoque</strong></span> <span class='ocrx_word' id='word_1_17' title='bbox 477 564 798 632; x_wconf 78' lang='lat' dir='ltr'><strong>reperiatur,</strong></span> <span class='ocrx_word' id='word_1_18' title='bbox 841 568 1024 615; x_wconf 85' lang='lat' dir='ltr'><strong>tamen</strong></span> <span class='ocrx_word' id='word_1_19' title='bbox 1063 564 1151 615; x_wconf 87' lang='lat' dir='ltr'><strong>vel</strong></span> <span class='ocrx_word' id='word_1_20' title='bbox 1191 563 1275 614; x_wconf 83' lang='lat' dir='ltr'><strong>sic</strong></span> <span class='ocrx_word' id='word_1_21' title='bbox 1319 562 1558 630; x_wconf 89' lang='lat' dir='ltr'><strong>juvabat</strong></span> <span class='ocrx_word' id='word_1_22' title='bbox 1600 561 1751 613; x_wconf 88' lang='lat' dir='ltr'><strong>velut</strong></span> <span class='ocrx_word' id='word_1_23' title='bbox 1793 561 1896 612; x_wconf 91' lang='lat' dir='ltr'><strong>sub</strong></span> <span class='ocrx_word' id='word_1_24' title='bbox 1940 577 2047 614; x_wconf 88' lang='lat' dir='ltr'><strong>uno</strong></span> 
     </span>
     <span class='ocr_line' id='line_1_4' title="bbox 224 644 2048 717; baseline -0.003 -15"><span class='ocrx_word' id='word_1_25' title='bbox 224 644 384 702; x_wconf 86' lang='lat' dir='ltr'><strong>fasce</strong></span> <span class='ocrx_word' id='word_1_26' title='bbox 402 649 802 717; x_wconf 88' lang='lat' dir='ltr'><strong>comprehensa</strong></span> <span class='ocrx_word' id='word_1_27' title='bbox 826 648 1044 711; x_wconf 88' lang='lat' dir='ltr'><strong>intueri,</strong></span> <span class='ocrx_word' id='word_1_28' title='bbox 1061 665 1186 716; x_wconf 82' lang='lat' dir='ltr'><strong>quae</strong></span> <span class='ocrx_word' id='word_1_29' title='bbox 1210 647 1302 700; x_wconf 91' lang='lat' dir='ltr'><strong>hic</strong></span> <span class='ocrx_word' id='word_1_30' title='bbox 1327 648 1445 700; x_wconf 91' lang='lat' dir='ltr'><strong>illic</strong></span> <span class='ocrx_word' id='word_1_31' title='bbox 1472 663 1673 717; x_wconf 88' lang='lat' dir='ltr'><strong>sparsa</strong></span> <span class='ocrx_word' id='word_1_32' title='bbox 1698 663 1807 699; x_wconf 90' lang='lat' dir='ltr'><strong>non</strong></span> <span class='ocrx_word' id='word_1_33' title='bbox 1833 646 1943 698; x_wconf 88' lang='lat' dir='ltr'><strong>nisi</strong></span> <span class='ocrx_word' id='word_1_34' title='bbox 1966 646 2048 698; x_wconf 90' lang='lat' dir='ltr'><strong>la·-</strong></span> 
     </span>
     <span class='ocr_line' id='line_1_5' title="bbox 223 734 947 802; baseline -0.008 -15"><span class='ocrx_word' id='word_1_35' title='bbox 223 734 448 787; x_wconf 89' lang='lat' dir='ltr'><strong>boriose</strong></span> <span class='ocrx_word' id='word_1_36' title='bbox 477 734 947 802; x_wconf 89' lang='lat' dir='ltr'><strong>conquirerentur.</strong></span> 
     </span>
    </p>
   </div>
   <div class='ocr_carea' id='block_1_3' title="bbox 301 895 1997 966">
    <p class='ocr_par' dir='ltr' id='par_1_3' title="bbox 301 895 1997 966">
     <span class='ocr_line' id='line_1_6' title="bbox 301 895 1997 966; baseline -0.004 -14"><span class='ocrx_word' id='word_1_37' title='bbox 301 900 444 952; x_wconf 89' lang='lat' dir='ltr'><strong>Dan.</strong></span> <span class='ocrx_word' id='word_1_38' title='bbox 471 897 679 966; x_wconf 86' lang='lat' dir='ltr'><strong>Georg.</strong></span> <span class='ocrx_word' id='word_1_39' title='bbox 706 895 1029 958; x_wconf 83' lang='lat' dir='ltr'><strong>MorhofiuS‚</strong></span> <span class='ocrx_word' id='word_1_40' title='bbox 1057 895 1297 964; x_wconf 83' lang='lat' dir='ltr'><strong>Polyph.</strong></span> <span class='ocrx_word' id='word_1_41' title='bbox 1324 895 1447 948; x_wconf 91' lang='lat' dir='ltr'><strong>Lib.</strong></span> <span class='ocrx_word' id='word_1_42' title='bbox 1477 910 1560 949; x_wconf 82' lang='lat' dir='ltr'><strong>lv,</strong></span> <span class='ocrx_word' id='word_1_43' title='bbox 1588 913 1637 949; x_wconf 94' lang='lat' dir='ltr'><strong>c.</strong></span> <span class='ocrx_word' id='word_1_44' title='bbox 1658 896 1744 948; x_wconf 77' lang='lat'><strong>12.</strong></span> <span class='ocrx_word' id='word_1_45' title='bbox 1772 895 1919 948; x_wconf 87' lang='lat' dir='ltr'><strong>Sect.</strong></span> <span class='ocrx_word' id='word_1_46' title='bbox 1944 895 1997 947; x_wconf 87' lang='lat'><strong>6.</strong></span> 
     </span>
    </p>
   </div>
   <div class='ocr_carea' id='block_1_4' title="bbox 221 1035 2062 2551">
    <p class='ocr_par' dir='ltr' id='par_1_4' title="bbox 221 1035 2062 2551">
     <span class='ocr_line' id='line_1_7' title="bbox 301 1035 2051 1108; baseline -0.002 -17"><span class='ocrx_word' id='word_1_47' title='bbox 301 1039 417 1091; x_wconf 89' lang='lat' dir='ltr'><strong>Sub</strong></span> <span class='ocrx_word' id='word_1_48' title='bbox 442 1039 634 1092; x_wconf 90' lang='lat' dir='ltr'><strong>eodem</strong></span> <span class='ocrx_word' id='word_1_49' title='bbox 664 1038 1001 1108; x_wconf 84' lang='lat' dir='ltr'><strong>Imperatore</strong></span> <span class='ocrx_word' id='word_1_50' title='bbox 1024 1038 1252 1091; x_wconf 87' lang='lat' dir='ltr'><strong>Tiberio</strong></span> <span class='ocrx_word' id='word_1_51' title='bbox 1279 1038 1425 1091; x_wconf 86' lang='lat' dir='ltr'><strong>vixit</strong></span> <span class='ocrx_word' id='word_1_52' title='bbox 1450 1036 1711 1090; x_wconf 88' lang='lat' dir='ltr'><strong>Valerius</strong></span> <span class='ocrx_word' id='word_1_53' title='bbox 1740 1035 2051 1099; x_wconf 78' lang='lat' dir='ltr'><strong>MaximuS,</strong></span> 
     </span>
     <span class='ocr_line' id='line_1_8' title="bbox 226 1120 2046 1193; baseline -0.001 -17"><span class='ocrx_word' id='word_1_54' title='bbox 226 1124 395 1192; x_wconf 84' lang='lat' dir='ltr'><strong>paulo</strong></span> <span class='ocrx_word' id='word_1_55' title='bbox 421 1128 621 1188; x_wconf 86' lang='lat' dir='ltr'><strong>tamen,</strong></span> <span class='ocrx_word' id='word_1_56' title='bbox 665 1129 722 1177; x_wconf 92' lang='lat' dir='ltr'><strong>ut</strong></span> <span class='ocrx_word' id='word_1_57' title='bbox 760 1126 1018 1178; x_wconf 86' lang='lat' dir='ltr'><strong>observat</strong></span> <span class='ocrx_word' id='word_1_58' title='bbox 1042 1124 1303 1188; x_wconf 82' lang='lat' dir='ltr'><strong>Vossius,</strong></span> <span class='ocrx_word' id='word_1_59' title='bbox 1348 1128 1478 1193; x_wconf 92' lang='lat' dir='ltr'><strong>post</strong></span> <span class='ocrx_word' id='word_1_60' title='bbox 1511 1120 1807 1186; x_wconf 88' lang='lat' dir='ltr'><strong>Velleium,</strong></span> <span class='ocrx_word' id='word_1_61' title='bbox 1834 1124 2046 1191; x_wconf 82' lang='lat' dir='ltr'>quippe</span> 
     </span>
     <span class='ocr_line' id='line_1_9' title="bbox 228 1206 2052 1278; baseline -0.001 -19"><span class='ocrx_word' id='word_1_62' title='bbox 228 1210 323 1276; x_wconf 90' lang='lat' dir='ltr'><strong>qui</strong></span> <span class='ocrx_word' id='word_1_63' title='bbox 349 1209 549 1278; x_wconf 90' lang='lat' dir='ltr'><strong>Sejano</strong></span> <span class='ocrx_word' id='word_1_64' title='bbox 574 1211 801 1278; x_wconf 82' lang='lat' dir='ltr'><strong>turpiter</strong></span> <span class='ocrx_word' id='word_1_65' title='bbox 846 1209 1029 1262; x_wconf 90' lang='lat' dir='ltr'><strong>adhuc</strong></span> <span class='ocrx_word' id='word_1_66' title='bbox 1068 1210 1342 1272; x_wconf 83' lang='lat' dir='ltr'><strong>adulatur,</strong></span> <span class='ocrx_word' id='word_1_67' title='bbox 1378 1223 1542 1276; x_wconf 90' lang='lat' dir='ltr'><strong>quern</strong></span> <span class='ocrx_word' id='word_1_68' title='bbox 1573 1211 1764 1259; x_wconf 89' lang='lat' dir='ltr'><strong>contra</strong></span> <span class='ocrx_word' id='word_1_69' title='bbox 1790 1206 2052 1259; x_wconf 87' lang='lat' dir='ltr'><strong>Valerius</strong></span> 
     </span>
     <span class='ocr_line' id='line_1_10' title="bbox 221 1292 2053 1361; baseline -0.001 -15"><span class='ocrx_word' id='word_1_70' title='bbox 221 1292 340 1361; x_wconf 85' lang='lat' dir='ltr'><strong>jam</strong></span> <span class='ocrx_word' id='word_1_71' title='bbox 388 1294 736 1347; x_wconf 88' lang='lat' dir='ltr'><strong>interemtum</strong></span> <span class='ocrx_word' id='word_1_72' title='bbox 770 1295 1109 1348; x_wconf 84' lang='lat' dir='ltr'><strong>vehementer</strong></span> <span class='ocrx_word' id='word_1_73' title='bbox 1141 1294 1399 1361; x_wconf 86' lang='lat' dir='ltr'><strong>exagitet.</strong></span> <span class='ocrx_word' id='word_1_74' title='bbox 1480 1292 1668 1345; x_wconf 90' lang='lat' dir='ltr'><strong>Dictio</strong></span> <span class='ocrx_word' id='word_1_75' title='bbox 1709 1296 1892 1344; x_wconf 88' lang='lat' dir='ltr'><strong>tamen</strong></span> <span class='ocrx_word' id='word_1_76' title='bbox 1934 1292 2053 1361; x_wconf 91' lang='lat' dir='ltr'><strong>ejus</strong></span> 
     </span>
     <span class='ocr_line' id='line_1_11' title="bbox 229 1375 2054 1448; baseline 0 -19"><span class='ocrx_word' id='word_1_77' title='bbox 229 1384 341 1430; x_wconf 86' lang='lat' dir='ltr'><strong>tam</strong></span> <span class='ocrx_word' id='word_1_78' title='bbox 368 1396 569 1448; x_wconf 87' lang='lat' dir='ltr'><strong>aspera</strong></span> <span class='ocrx_word' id='word_1_79' title='bbox 591 1380 919 1448; x_wconf 89' lang='lat' dir='ltr'><strong>horridaque</strong></span> <span class='ocrx_word' id='word_1_80' title='bbox 944 1385 1045 1442; x_wconf 88' lang='lat' dir='ltr'><strong>est,</strong></span> <span class='ocrx_word' id='word_1_81' title='bbox 1081 1385 1147 1431; x_wconf 94' lang='lat' dir='ltr'><strong>ut</strong></span> <span class='ocrx_word' id='word_1_82' title='bbox 1174 1379 1292 1448; x_wconf 89' lang='lat' dir='ltr'><strong>jam</strong></span> <span class='ocrx_word' id='word_1_83' title='bbox 1320 1378 1455 1431; x_wconf 90' lang='lat' dir='ltr'><strong>olim</strong></span> <span class='ocrx_word' id='word_1_84' title='bbox 1482 1377 1749 1429; x_wconf 87' lang='lat' dir='ltr'><strong>Erasmus</strong></span> <span class='ocrx_word' id='word_1_85' title='bbox 1793 1377 1852 1427; x_wconf 91' lang='lat' dir='ltr'><strong>in</strong></span> <span class='ocrx_word' id='word_1_86' title='bbox 1893 1375 2054 1429; x_wconf 89' lang='lat' dir='ltr'><strong>Cice-</strong></span> 
     </span>
     <span class='ocr_line' id='line_1_12' title="bbox 230 1461 2054 1532; baseline 0.001 -19"><span class='ocrx_word' id='word_1_87' title='bbox 230 1464 470 1528; x_wconf 80' lang='lat' dir='ltr'><strong>maiano,</strong></span> <span class='ocrx_word' id='word_1_88' title='bbox 498 1463 634 1517; x_wconf 87' lang='lat' dir='ltr'><strong>Afro</strong></span> <span class='ocrx_word' id='word_1_89' title='bbox 661 1467 840 1532; x_wconf 90' lang='lat' dir='ltr'><strong>magis</strong></span> <span class='ocrx_word' id='word_1_90' title='bbox 868 1464 1100 1516; x_wconf 89' lang='lat' dir='ltr'><strong>similem</strong></span> <span class='ocrx_word' id='word_1_91' title='bbox 1129 1480 1271 1528; x_wconf 87' lang='lat' dir='ltr'><strong>esse,</strong></span> <span class='ocrx_word' id='word_1_92' title='bbox 1311 1479 1477 1531; x_wconf 92' lang='lat' dir='ltr'><strong>quam</strong></span> <span class='ocrx_word' id='word_1_93' title='bbox 1526 1461 1670 1514; x_wconf 88' lang='lat' dir='ltr'><strong>Italo</strong></span> <span class='ocrx_word' id='word_1_94' title='bbox 1711 1478 1836 1514; x_wconf 89' lang='lat' dir='ltr'><strong>eum</strong></span> <span class='ocrx_word' id='word_1_95' title='bbox 1863 1468 2054 1514; x_wconf 86' lang='lat' dir='ltr'><strong>aucto·</strong></span> 
     </span>
     <span class='ocr_line' id='line_1_13' title="bbox 229 1546 2058 1616; baseline 0 -18"><span class='ocrx_word' id='word_1_96' title='bbox 229 1563 347 1599; x_wconf 87' lang='lat' dir='ltr'><strong>rem</strong></span> <span class='ocrx_word' id='word_1_97' title='bbox 364 1547 647 1616; x_wconf 88' lang='lat' dir='ltr'><strong>judicarit,</strong></span> <span class='ocrx_word' id='word_1_98' title='bbox 671 1566 774 1601; x_wconf 92' lang='lat' dir='ltr'><strong>nec</strong></span> <span class='ocrx_word' id='word_1_99' title='bbox 815 1549 995 1616; x_wconf 89' lang='lat' dir='ltr'><strong>magis</strong></span> <span class='ocrx_word' id='word_1_100' title='bbox 1037 1547 1295 1602; x_wconf 86' lang='lat' dir='ltr'><strong>Ciceroni</strong></span> <span class='ocrx_word' id='word_1_101' title='bbox 1338 1549 1593 1610; x_wconf 88' lang='lat' dir='ltr'><strong>similem,</strong></span> <span class='ocrx_word' id='word_1_102' title='bbox 1640 1564 1805 1614; x_wconf 89' lang='lat' dir='ltr'><strong>quam</strong></span> <span class='ocrx_word' id='word_1_103' title='bbox 1846 1546 2058 1599; x_wconf 92' lang='lat' dir='ltr'><strong>homini</strong></span> 
     </span>
     <span class='ocr_line' id='line_1_14' title="bbox 231 1620 2056 1703; baseline 0 -20"><span class='ocrx_word' id='word_1_104' title='bbox 231 1632 428 1686; x_wconf 88' lang='lat' dir='ltr'><strong>mulus.</strong></span> <span class='ocrx_word' id='word_1_105' title='bbox 485 1634 635 1687; x_wconf 89' lang='lat' dir='ltr'><strong>Hinc</strong></span> <span class='ocrx_word' id='word_1_106' title='bbox 661 1635 718 1687; x_wconf 92' lang='lat' dir='ltr'><strong>in</strong></span> <span class='ocrx_word' id='word_1_107' title='bbox 741 1636 930 1688; x_wconf 87' lang='lat' dir='ltr'><strong>varias</strong></span> <span class='ocrx_word' id='word_1_108' title='bbox 956 1620 1251 1703; x_wconf 86' lang='lat' dir='ltr'><strong>opiniones</strong></span> <span class='ocrx_word' id='word_1_109' title='bbox 1278 1635 1417 1686; x_wconf 89' lang='lat' dir='ltr'><strong>itum</strong></span> <span class='ocrx_word' id='word_1_110' title='bbox 1446 1650 1481 1686; x_wconf 87' lang='lat' dir='ltr'><strong>a</strong></span> <span class='ocrx_word' id='word_1_111' title='bbox 1505 1633 1639 1686; x_wconf 90' lang='lat' dir='ltr'><strong>viris</strong></span> <span class='ocrx_word' id='word_1_112' title='bbox 1665 1632 1861 1684; x_wconf 89' lang='lat' dir='ltr'><strong>doctis.</strong></span> <span class='ocrx_word' id='word_1_113' title='bbox 1925 1631 2056 1684; x_wconf 90' lang='lat' dir='ltr'><strong>Ple-</strong></span> 
     </span>
     <span class='ocr_line' id='line_1_15' title="bbox 231 1716 2058 1788; baseline 0.001 -20"><span class='ocrx_word' id='word_1_114' title='bbox 231 1716 386 1785; x_wconf 84' lang='lat' dir='ltr'><strong>rique</strong></span> <span class='ocrx_word' id='word_1_115' title='bbox 410 1735 521 1771; x_wconf 87' lang='lat' dir='ltr'><strong>non</strong></span> <span class='ocrx_word' id='word_1_116' title='bbox 545 1719 810 1787; x_wconf 90' lang='lat' dir='ltr'><strong>integrum</strong></span> <span class='ocrx_word' id='word_1_117' title='bbox 836 1719 1144 1783; x_wconf 87' lang='lat' dir='ltr'><strong>Valerium,</strong></span> <span class='ocrx_word' id='word_1_118' title='bbox 1189 1719 1290 1772; x_wconf 88' lang='lat' dir='ltr'><strong>sed</strong></span> <span class='ocrx_word' id='word_1_119' title='bbox 1333 1719 1456 1788; x_wconf 87' lang='lat' dir='ltr'><strong>ejus</strong></span> <span class='ocrx_word' id='word_1_120' title='bbox 1499 1719 1794 1786; x_wconf 91' lang='lat' dir='ltr'><strong>Epitomen</strong></span> <span class='ocrx_word' id='word_1_121' title='bbox 1842 1722 2058 1769; x_wconf 86' lang='lat' dir='ltr'><strong>tantum</strong></span> 
     </span>
     <span class='ocr_line' id='line_1_16' title="bbox 234 1803 2058 1873; baseline 0.001 -21"><span class='ocrx_word' id='word_1_122' title='bbox 234 1817 529 1869; x_wconf 88' lang='lat' dir='ltr'><strong>superesse</strong></span> <span class='ocrx_word' id='word_1_123' title='bbox 576 1803 802 1856; x_wconf 86' lang='lat' dir='ltr'><strong>volunt:</strong></span> <span class='ocrx_word' id='word_1_124' title='bbox 856 1804 1004 1873; x_wconf 94' lang='lat' dir='ltr'><strong>quod</strong></span> <span class='ocrx_word' id='word_1_125' title='bbox 1049 1810 1230 1857; x_wconf 86' lang='lat' dir='ltr'><strong>tamen</strong></span> <span class='ocrx_word' id='word_1_126' title='bbox 1269 1821 1378 1856; x_wconf 90' lang='lat' dir='ltr'><strong>non</strong></span> <span class='ocrx_word' id='word_1_127' title='bbox 1422 1820 1599 1873; x_wconf 90' lang='lat' dir='ltr'><strong>usque</strong></span> <span class='ocrx_word' id='word_1_128' title='bbox 1642 1803 1783 1854; x_wconf 88' lang='lat' dir='ltr'><strong>adeo</strong></span> <span class='ocrx_word' id='word_1_129' title='bbox 1830 1809 2058 1857; x_wconf 90' lang='lat' dir='ltr'><strong>certum.</strong></span> 
     </span>
     <span class='ocr_line' id='line_1_17' title="bbox 236 1878 2059 1957; baseline 0.003 -20"><span class='ocrx_word' id='word_1_130' title='bbox 236 1883 485 1955; x_wconf 85' lang='lat' dir='ltr'><strong>Reliquit</strong></span> <span class='ocrx_word' id='word_1_131' title='bbox 507 1878 932 1957; x_wconf 81' lang='lat' dir='ltr'><strong>Exemplorum,</strong></span> <span class='ocrx_word' id='word_1_132' title='bbox 961 1907 1055 1942; x_wconf 89' lang='lat' dir='ltr'><strong>seu</strong></span> <span class='ocrx_word' id='word_1_133' title='bbox 1087 1890 1377 1943; x_wconf 88' lang='lat' dir='ltr'><strong>Dictorum</strong></span> <span class='ocrx_word' id='word_1_134' title='bbox 1405 1889 1814 1955; x_wconf 89' lang='lat' dir='ltr'><strong>Factorumque</strong></span> <span class='ocrx_word' id='word_1_135' title='bbox 1843 1889 2059 1942; x_wconf 89' lang='lat' dir='ltr'><strong>Memo-</strong></span> 
     </span>
     <span class='ocr_line' id='line_1_18' title="bbox 233 1971 2059 2043; baseline 0.003 -21"><span class='ocrx_word' id='word_1_136' title='bbox 233 1971 488 2025; x_wconf 90' lang='lat' dir='ltr'><strong>rabilium</strong></span> <span class='ocrx_word' id='word_1_137' title='bbox 514 1973 638 2025; x_wconf 86' lang='lat' dir='ltr'><strong>Lib.</strong></span> <span class='ocrx_word' id='word_1_138' title='bbox 667 1988 757 2026; x_wconf 82' lang='lat' dir='ltr'><strong>lx.</strong></span> <span class='ocrx_word' id='word_1_139' title='bbox 834 1975 898 2026; x_wconf 92' lang='lat' dir='ltr'><strong>In</strong></span> <span class='ocrx_word' id='word_1_140' title='bbox 923 1976 1337 2043; x_wconf 84' lang='lat' dir='ltr'><strong>exemplaribus</strong></span> <span class='ocrx_word' id='word_1_141' title='bbox 1366 1975 1595 2042; x_wconf 89' lang='lat' dir='ltr'><strong>scriptis</strong></span> <span class='ocrx_word' id='word_1_142' title='bbox 1630 1973 1795 2042; x_wconf 88' lang='lat' dir='ltr'><strong>hujus</strong></span> <span class='ocrx_word' id='word_1_143' title='bbox 1820 1977 2059 2027; x_wconf 82' lang='lat' dir='ltr'><strong>auctoris</strong></span> 
     </span>
     <span class='ocr_line' id='line_1_19' title="bbox 233 2057 2059 2113; baseline 0.004 -7"><span class='ocrx_word' id='word_1_144' title='bbox 233 2060 441 2108; x_wconf 87' lang='lat' dir='ltr'><strong>tantam</strong></span> <span class='ocrx_word' id='word_1_145' title='bbox 468 2073 590 2110; x_wconf 89' lang='lat' dir='ltr'><strong>esse</strong></span> <span class='ocrx_word' id='word_1_146' title='bbox 614 2061 940 2112; x_wconf 78' lang='lat' dir='ltr'><strong>varietatem</strong></span> <span class='ocrx_word' id='word_1_147' title='bbox 983 2063 1140 2111; x_wconf 90' lang='lat' dir='ltr'><strong>notat</strong></span> <span class='ocrx_word' id='word_1_148' title='bbox 1179 2059 1444 2111; x_wconf 84' lang='lat' dir='ltr'><strong>Barthius</strong></span> <span class='ocrx_word' id='word_1_149' title='bbox 1469 2057 1715 2111; x_wconf 80' lang='lat' dir='ltr'><strong>AdverS.</strong></span> <span class='ocrx_word' id='word_1_150' title='bbox 1760 2060 1887 2111; x_wconf 88' lang='lat' dir='ltr'><strong>Lib.</strong></span> <span class='ocrx_word' id='word_1_151' title='bbox 1917 2074 2059 2113; x_wconf 80' lang='lat' dir='ltr'><strong>XIX.</strong></span> 
     </span>
     <span class='ocr_line' id='line_1_20' title="bbox 237 2141 2060 2210; baseline 0.003 -19"><span class='ocrx_word' id='word_1_152' title='bbox 237 2155 361 2207; x_wconf 88' lang='lat' dir='ltr'><strong>cap.</strong></span> <span class='ocrx_word' id='word_1_153' title='bbox 386 2141 481 2192; x_wconf 85' lang='lat'><strong>15.</strong></span> <span class='ocrx_word' id='word_1_154' title='bbox 510 2146 571 2193; x_wconf 92' lang='lat' dir='ltr'><strong>ut</strong></span> <span class='ocrx_word' id='word_1_155' title='bbox 608 2159 941 2210; x_wconf 89' lang='lat' dir='ltr'><strong>componere</strong></span> <span class='ocrx_word' id='word_1_156' title='bbox 981 2160 1130 2196; x_wconf 87' lang='lat' dir='ltr'><strong>nova</strong></span> <span class='ocrx_word' id='word_1_157' title='bbox 1170 2145 1451 2196; x_wconf 87' lang='lat' dir='ltr'><strong>veteribus</strong></span> <span class='ocrx_word' id='word_1_158' title='bbox 1492 2144 1725 2195; x_wconf 89' lang='lat' dir='ltr'><strong>adorsus</strong></span> <span class='ocrx_word' id='word_1_159' title='bbox 1769 2145 1865 2196; x_wconf 86' lang='lat' dir='ltr'><strong>vix</strong></span> <span class='ocrx_word' id='word_1_160' title='bbox 1910 2146 2060 2197; x_wconf 90' lang='lat' dir='ltr'><strong>scias</strong></span> 
     </span>
     <span class='ocr_line' id='line_1_21' title="bbox 240 2229 2060 2292; baseline 0.004 -17"><span class='ocrx_word' id='word_1_161' title='bbox 240 2240 500 2292; x_wconf 90' lang='lat' dir='ltr'><strong>quorsum</strong></span> <span class='ocrx_word' id='word_1_162' title='bbox 524 2232 738 2279; x_wconf 87' lang='lat' dir='ltr'><strong>vertere</strong></span> <span class='ocrx_word' id='word_1_163' title='bbox 777 2229 1101 2280; x_wconf 89' lang='lat' dir='ltr'><strong>sententiam</strong></span> <span class='ocrx_word' id='word_1_164' title='bbox 1126 2229 1284 2282; x_wconf 85' lang='lat' dir='ltr'><strong>velis.</strong></span> <span class='ocrx_word' id='word_1_165' title='bbox 1359 2229 1516 2281; x_wconf 90' lang='lat' dir='ltr'><strong>Idem</strong></span> <span class='ocrx_word' id='word_1_166' title='bbox 1563 2230 1828 2282; x_wconf 89' lang='lat' dir='ltr'><strong>Barthius</strong></span> <span class='ocrx_word' id='word_1_167' title='bbox 1867 2231 1991 2283; x_wconf 88' lang='lat' dir='ltr'><strong>Lib.</strong></span> <span class='ocrx_word' id='word_1_168' title='bbox 2021 2245 2060 2282; x_wconf 85' lang='lat' dir='ltr'><strong>J.</strong></span> 
     </span>
     <span class='ocr_line' id='line_1_22' title="bbox 239 2309 2062 2381; baseline 0.004 -21"><span class='ocrx_word' id='word_1_169' title='bbox 239 2323 369 2376; x_wconf 89' lang='lat' dir='ltr'><strong>cap.</strong></span> <span class='ocrx_word' id='word_1_170' title='bbox 393 2309 483 2362; x_wconf 61' lang='grc' dir='ltr'><strong>10Φ</strong></span> <span class='ocrx_word' id='word_1_171' title='bbox 537 2310 819 2363; x_wconf 89' lang='lat' dir='ltr'><strong>Valerium</strong></span> <span class='ocrx_word' id='word_1_172' title='bbox 849 2311 1161 2364; x_wconf 89' lang='lat' dir='ltr'><strong>Maximum</strong></span> <span class='ocrx_word' id='word_1_173' title='bbox 1199 2314 1424 2365; x_wconf 90' lang='lat' dir='ltr'><strong>minime</strong></span> <span class='ocrx_word' id='word_1_174' title='bbox 1450 2330 1522 2365; x_wconf 85' lang='lat' dir='ltr'><strong>ex</strong></span> <span class='ocrx_word' id='word_1_175' title='bbox 1548 2316 1707 2381; x_wconf 88' lang='lat' dir='ltr'><strong>genio</strong></span> <span class='ocrx_word' id='word_1_176' title='bbox 1747 2316 1942 2368; x_wconf 84' lang='lat' dir='ltr'><strong>saeculi</strong></span> <span class='ocrx_word' id='word_1_177' title='bbox 1976 2317 2062 2368; x_wconf 92' lang='lat' dir='ltr'><strong>lo-</strong></span> 
     </span>
     <span class='ocr_line' id='line_1_23' title="bbox 238 2393 2062 2467; baseline 0.005 -23"><span class='ocrx_word' id='word_1_178' title='bbox 238 2397 444 2457; x_wconf 90' lang='lat' dir='ltr'><strong>cutum,</strong></span> <span class='ocrx_word' id='word_1_179' title='bbox 466 2393 727 2449; x_wconf 89' lang='lat' dir='ltr'><strong>Vitruvio</strong></span> <span class='ocrx_word' id='word_1_180' title='bbox 754 2397 1021 2449; x_wconf 91' lang='lat' dir='ltr'><strong>leviorem</strong></span> <span class='ocrx_word' id='word_1_181' title='bbox 1045 2398 1310 2450; x_wconf 87' lang='lat' dir='ltr'><strong>invidiam</strong></span> <span class='ocrx_word' id='word_1_182' title='bbox 1334 2398 1518 2451; x_wconf 90' lang='lat' dir='ltr'><strong>facere</strong></span> <span class='ocrx_word' id='word_1_183' title='bbox 1541 2416 1708 2467; x_wconf 90' lang='lat' dir='ltr'><strong>posse</strong></span> <span class='ocrx_word' id='word_1_184' title='bbox 1735 2402 1832 2453; x_wconf 89' lang='lat' dir='ltr'><strong>ait.</strong></span> <span class='ocrx_word' id='word_1_185' title='bbox 1872 2401 2062 2454; x_wconf 91' lang='lat' dir='ltr'><strong>Adeo-</strong></span> 
     </span>
     <span class='ocr_line' id='line_1_24' title="bbox 239 2479 2062 2551; baseline 0.005 -22"><span class='ocrx_word' id='word_1_186' title='bbox 239 2494 348 2545; x_wconf 90' lang='lat' dir='ltr'><strong>que</strong></span> <span class='ocrx_word' id='word_1_187' title='bbox 373 2479 502 2548; x_wconf 91' lang='lat' dir='ltr'><strong>quin</strong></span> <span class='ocrx_word' id='word_1_188' title='bbox 527 2481 825 2548; x_wconf 89' lang='lat' dir='ltr'><strong>ipsiusmet</strong></span> <span class='ocrx_word' id='word_1_189' title='bbox 845 2480 1062 2534; x_wconf 90' lang='lat' dir='ltr'><strong>Valerii</strong></span> <span class='ocrx_word' id='word_1_190' title='bbox 1085 2483 1247 2535; x_wconf 89' lang='lat' dir='ltr'><strong>labor</strong></span> <span class='ocrx_word' id='word_1_191' title='bbox 1274 2484 1342 2547; x_wconf 85' lang='lat' dir='ltr'><strong>is,</strong></span> <span class='ocrx_word' id='word_1_192' title='bbox 1361 2500 1526 2551; x_wconf 91' lang='lat' dir='ltr'><strong>quem</strong></span> <span class='ocrx_word' id='word_1_193' title='bbox 1550 2484 1839 2549; x_wconf 83' lang='lat' dir='ltr'><strong>habemuS,</strong></span> <span class='ocrx_word' id='word_1_194' title='bbox 1872 2486 2062 2539; x_wconf 91' lang='lat' dir='ltr'><strong>hodie—</strong></span> 
     </span>
    </p>
   </div>
   <div class='ocr_carea' id='block_1_5' title="bbox 239 2565 2060 2714">
    <p class='ocr_par' dir='ltr' id='par_1_5' title="bbox 239 2565 2060 2714">
     <span class='ocr_line' id='line_1_25' title="bbox 239 2565 2060 2641; baseline 0.006 -28"><span class='ocrx_word' id='word_1_195' title='bbox 239 2577 350 2630; x_wconf 90' lang='lat' dir='ltr'><strong>que</strong></span> <span class='ocrx_word' id='word_1_196' title='bbox 395 2565 650 2633; x_wconf 87' lang='lat' dir='ltr'><strong>supersit,</strong></span> <span class='ocrx_word' id='word_1_197' title='bbox 694 2581 809 2617; x_wconf 92' lang='lat' dir='ltr'><strong>non</strong></span> <span class='ocrx_word' id='word_1_198' title='bbox 845 2565 1086 2620; x_wconf 85' lang='lat' dir='ltr'><strong>dubitat.</strong></span> <span class='ocrx_word' id='word_1_199' title='bbox 1164 2565 1320 2639; x_wconf 65' lang='lat' dir='ltr'><strong>Corff.</strong></span> <span class='ocrx_word' id='word_1_200' title='bbox 1362 2565 1507 2620; x_wconf 86' lang='lat' dir='ltr'><strong>Lud.</strong></span> <span class='ocrx_word' id='word_1_201' title='bbox 1557 2566 1705 2622; x_wconf 78' lang='lat' dir='ltr'><strong>Vives</strong></span> <span class='ocrx_word' id='word_1_202' title='bbox 1749 2570 1809 2622; x_wconf 85' lang='lat' dir='ltr'><strong>de</strong></span> <span class='ocrx_word' id='word_1_203' title='bbox 1839 2568 2060 2641; x_wconf 82' lang='lat' dir='ltr'><strong>Discipl.</strong></span> 
     </span>
     <span class='ocr_line' id='line_1_26' title="bbox 240 2648 447 2714; baseline 0.01 -17"><span class='ocrx_word' id='word_1_204' title='bbox 240 2663 298 2714; x_wconf 89' lang='lat' dir='ltr'><strong>p.</strong></span> <span class='ocrx_word' id='word_1_205' title='bbox 323 2648 447 2700; x_wconf 76' lang='lat'><strong>521.</strong></span> 
     </span>
    </p>
   </div>
   <div class='ocr_carea' id='block_1_6' title="bbox 243 2799 2063 3033">
    <p class='ocr_par' dir='ltr' id='par_1_6' title="bbox 243 2799 2063 3033">
     <span class='ocr_line' id='line_1_27' title="bbox 243 2799 2063 2879; baseline 0.005 -27"><span class='ocrx_word' id='word_1_206' title='bbox 243 2799 575 2869; x_wconf 87' lang='lat' dir='ltr'><strong>Fragmenta</strong></span> <span class='ocrx_word' id='word_1_207' title='bbox 600 2803 711 2855; x_wconf 90' lang='lat' dir='ltr'><strong>duo</strong></span> <span class='ocrx_word' id='word_1_208' title='bbox 738 2820 811 2855; x_wconf 91' lang='lat' dir='ltr'><strong>ex</strong></span> <span class='ocrx_word' id='word_1_209' title='bbox 836 2802 1192 2858; x_wconf 89' lang='lat' dir='ltr'><strong>Adversariis</strong></span> <span class='ocrx_word' id='word_1_210' title='bbox 1219 2806 1395 2875; x_wconf 91' lang='lat' dir='ltr'><strong>Casp.</strong></span> <span class='ocrx_word' id='word_1_211' title='bbox 1426 2807 1638 2860; x_wconf 89' lang='lat' dir='ltr'><strong>Barthii</strong></span> <span class='ocrx_word' id='word_1_212' title='bbox 1666 2809 1910 2874; x_wconf 86' lang='lat' dir='ltr'><strong>ineditis,</strong></span> <span class='ocrx_word' id='word_1_213' title='bbox 1937 2828 2063 2879; x_wconf 80' lang='lat' dir='ltr'><strong>quae</strong></span> 
     </span>
     <span class='ocr_line' id='line_1_28' title="bbox 451 2886 1849 2959; baseline 0.005 -20"><span class='ocrx_word' id='word_1_214' title='bbox 451 2903 487 2939; x_wconf 92' lang='lat' dir='ltr'><strong>a</strong></span> <span class='ocrx_word' id='word_1_215' title='bbox 512 2886 714 2942; x_wconf 87' lang='lat' dir='ltr'><strong>Christ.</strong></span> <span class='ocrx_word' id='word_1_216' title='bbox 742 2889 990 2942; x_wconf 90' lang='lat' dir='ltr'><strong>Daumio</strong></span> <span class='ocrx_word' id='word_1_217' title='bbox 1018 2892 1300 2959; x_wconf 88' lang='lat' dir='ltr'><strong>quondam</strong></span> <span class='ocrx_word' id='word_1_218' title='bbox 1327 2909 1454 2944; x_wconf 93' lang='lat' dir='ltr'><strong>cum</strong></span> <span class='ocrx_word' id='word_1_219' title='bbox 1492 2893 1576 2945; x_wconf 90' lang='lat' dir='ltr'><strong>Cl.</strong></span> <span class='ocrx_word' id='word_1_220' title='bbox 1603 2892 1849 2946; x_wconf 89' lang='lat' dir='ltr'><strong>Antonio</strong></span> 
     </span>
     <span class='ocr_line' id='line_1_29' title="bbox 656 2972 1651 3033; baseline 0.006 -9"><span class='ocrx_word' id='word_1_221' title='bbox 656 2973 949 3026; x_wconf 88' lang='lat' dir='ltr'><strong>Perizonio</strong></span> <span class='ocrx_word' id='word_1_222' title='bbox 976 2975 1199 3030; x_wconf 88' lang='lat' dir='ltr'><strong>fuerunt</strong></span> <span class='ocrx_word' id='word_1_223' title='bbox 1221 2972 1651 3033; x_wconf 80' lang='lat' dir='ltr'><strong>communicata.</strong></span> 
     </span>
    </p>
   </div>
   <div class='ocr_carea' id='block_1_7' title="bbox 244 3093 2064 3592">
    <p class='ocr_par' dir='ltr' id='par_1_7' title="bbox 244 3093 2064 3592">
     <span class='ocr_line' id='line_1_30' title="bbox 314 3093 2064 3157; baseline 0.006 -11"><span class='ocrx_word' id='word_1_224' title='bbox 314 3093 529 3148; x_wconf 92' lang='lat' dir='ltr'><strong>Valerii</strong></span> <span class='ocrx_word' id='word_1_225' title='bbox 557 3097 798 3150; x_wconf 89' lang='lat' dir='ltr'><strong>Maximi</strong></span> <span class='ocrx_word' id='word_1_226' title='bbox 818 3100 1044 3153; x_wconf 87' lang='lat' dir='ltr'><strong>Selecta</strong></span> <span class='ocrx_word' id='word_1_227' title='bbox 1069 3101 1518 3157; x_wconf 89' lang='lat' dir='ltr'><strong>Memorabilium</strong></span> <span class='ocrx_word' id='word_1_228' title='bbox 1541 3105 1835 3157; x_wconf 83' lang='lat' dir='ltr'><strong>Dictorum</strong></span> <span class='ocrx_word' id='word_1_229' title='bbox 1861 3104 2064 3157; x_wconf 83' lang='lat' dir='ltr'><strong>Facto-</strong></span> 
     </span>
     <span class='ocr_line' id='line_1_31' title="bbox 244 3185 2063 3253; baseline 0.006 -23"><span class='ocrx_word' id='word_1_230' title='bbox 244 3195 469 3248; x_wconf 86' lang='lat' dir='ltr'><strong>rumque</strong></span> <span class='ocrx_word' id='word_1_231' title='bbox 489 3190 700 3250; x_wconf 92' lang='lat' dir='ltr'><strong>quanto</strong></span> <span class='ocrx_word' id='word_1_232' title='bbox 718 3200 846 3236; x_wconf 91' lang='lat' dir='ltr'><strong>cum</strong></span> <span class='ocrx_word' id='word_1_233' title='bbox 869 3185 1051 3236; x_wconf 83' lang='lat' dir='ltr'><strong>fructu</strong></span> <span class='ocrx_word' id='word_1_234' title='bbox 1075 3186 1328 3253; x_wconf 84' lang='lat' dir='ltr'><strong>legantur</strong></span> <span class='ocrx_word' id='word_1_235' title='bbox 1349 3189 1627 3240; x_wconf 86' lang='lat' dir='ltr'><strong>neminem</strong></span> <span class='ocrx_word' id='word_1_236' title='bbox 1652 3191 1800 3241; x_wconf 85' lang='lat' dir='ltr'><strong>latet.</strong></span> <span class='ocrx_word' id='word_1_237' title='bbox 1852 3188 2063 3241; x_wconf 88' lang='lat' dir='ltr'><strong>Eadem</strong></span> 
     </span>
     <span class='ocr_line' id='line_1_32' title="bbox 246 3266 2064 3341; baseline 0.006 -26"><span class='ocrx_word' id='word_1_238' title='bbox 246 3266 543 3319; x_wconf 86' lang='lat' dir='ltr'><strong>aestimatio</strong></span> <span class='ocrx_word' id='word_1_239' title='bbox 559 3267 645 3319; x_wconf 92' lang='lat' dir='ltr'><strong>illi</strong></span> <span class='ocrx_word' id='word_1_240' title='bbox 668 3268 726 3319; x_wconf 92' lang='lat' dir='ltr'><strong>in</strong></span> <span class='ocrx_word' id='word_1_241' title='bbox 753 3268 1015 3323; x_wconf 89' lang='lat' dir='ltr'><strong>Romana</strong></span> <span class='ocrx_word' id='word_1_242' title='bbox 1035 3272 1367 3340; x_wconf 87' lang='lat' dir='ltr'><strong>antiquitate</strong></span> <span class='ocrx_word' id='word_1_243' title='bbox 1394 3273 1519 3336; x_wconf 89' lang='lat' dir='ltr'><strong>fuit,</strong></span> <span class='ocrx_word' id='word_1_244' title='bbox 1550 3278 1741 3340; x_wconf 88' lang='lat' dir='ltr'><strong>utpote</strong></span> <span class='ocrx_word' id='word_1_245' title='bbox 1767 3272 1924 3341; x_wconf 88' lang='lat' dir='ltr'><strong>cujus</strong></span> <span class='ocrx_word' id='word_1_246' title='bbox 1951 3279 2064 3325; x_wconf 90' lang='lat' dir='ltr'><strong>tes-</strong></span> 
     </span>
     <span class='ocr_line' id='line_1_33' title="bbox 246 3347 2063 3426; baseline 0.007 -28"><span class='ocrx_word' id='word_1_247' title='bbox 246 3347 477 3402; x_wconf 85' lang='lat' dir='ltr'><strong>timonio</strong></span> <span class='ocrx_word' id='word_1_248' title='bbox 507 3358 736 3405; x_wconf 87' lang='lat' dir='ltr'><strong>utantur</strong></span> <span class='ocrx_word' id='word_1_249' title='bbox 773 3354 1070 3422; x_wconf 92' lang='lat' dir='ltr'><strong>Philologi,</strong></span> <span class='ocrx_word' id='word_1_250' title='bbox 1108 3372 1218 3408; x_wconf 91' lang='lat' dir='ltr'><strong>non</strong></span> <span class='ocrx_word' id='word_1_251' title='bbox 1260 3360 1527 3426; x_wconf 90' lang='lat' dir='ltr'><strong>postremi</strong></span> <span class='ocrx_word' id='word_1_252' title='bbox 1570 3357 1811 3408; x_wconf 89' lang='lat' dir='ltr'><strong>omnium</strong></span> <span class='ocrx_word' id='word_1_253' title='bbox 1851 3358 2063 3424; x_wconf 87' lang='lat' dir='ltr'><strong>prisco·</strong></span> 
     </span>
     <span class='ocr_line' id='line_1_34' title="bbox 247 3435 2062 3509; baseline 0.005 -27"><span class='ocrx_word' id='word_1_254' title='bbox 247 3446 384 3495; x_wconf 87' lang='lat' dir='ltr'><strong>rum,</strong></span> <span class='ocrx_word' id='word_1_255' title='bbox 427 3435 524 3486; x_wconf 89' lang='lat' dir='ltr'><strong>sed</strong></span> <span class='ocrx_word' id='word_1_256' title='bbox 567 3453 692 3489; x_wconf 92' lang='lat' dir='ltr'><strong>cum</strong></span> <span class='ocrx_word' id='word_1_257' title='bbox 730 3439 925 3506; x_wconf 87' lang='lat' dir='ltr'><strong>primis</strong></span> <span class='ocrx_word' id='word_1_258' title='bbox 967 3441 1247 3494; x_wconf 90' lang='lat' dir='ltr'><strong>censendi.</strong></span> <span class='ocrx_word' id='word_1_259' title='bbox 1328 3441 1580 3509; x_wconf 87' lang='lat' dir='ltr'><strong>Agellius</strong></span> <span class='ocrx_word' id='word_1_260' title='bbox 1626 3442 1751 3492; x_wconf 89' lang='lat' dir='ltr'><strong>Lib.</strong></span> <span class='ocrx_word' id='word_1_261' title='bbox 1791 3455 1908 3494; x_wconf 74' lang='grc' dir='ltr'><strong>ΧΠ.</strong></span> <span class='ocrx_word' id='word_1_262' title='bbox 1935 3458 1983 3494; x_wconf 93' lang='lat' dir='ltr'><strong>c.</strong></span> <span class='ocrx_word' id='word_1_263' title='bbox 2008 3443 2062 3494; x_wconf 83' lang='lat'><strong>7.</strong></span> 
     </span>
     <span class='ocr_line' id='line_1_35' title="bbox 251 3513 2062 3592; baseline 0.007 -28"><span class='ocrx_word' id='word_1_264' title='bbox 251 3513 579 3571; x_wconf 80' lang='lat' dir='ltr'><strong>Plutarchus</strong></span> <span class='ocrx_word' id='word_1_265' title='bbox 603 3520 659 3572; x_wconf 92' lang='lat' dir='ltr'><strong>in</strong></span> <span class='ocrx_word' id='word_1_266' title='bbox 683 3527 932 3577; x_wconf 86' lang='lat' dir='ltr'><strong>extrema</strong></span> <span class='ocrx_word' id='word_1_267' title='bbox 958 3525 1165 3592; x_wconf 87' lang='lat' dir='ltr'><strong>pagina</strong></span> <span class='ocrx_word' id='word_1_268' title='bbox 1191 3526 1324 3578; x_wconf 83' lang='lat' dir='ltr'><strong>vitae</strong></span> <span class='ocrx_word' id='word_1_269' title='bbox 1353 3526 1531 3588; x_wconf 92' lang='lat' dir='ltr'><strong>Bruti,</strong></span> <span class='ocrx_word' id='word_1_270' title='bbox 1576 3530 1629 3578; x_wconf 89' lang='lat' dir='ltr'><strong>et</strong></span> <span class='ocrx_word' id='word_1_271' title='bbox 1669 3542 1777 3578; x_wconf 91' lang='lat' dir='ltr'><strong>non</strong></span> <span class='ocrx_word' id='word_1_272' title='bbox 1814 3542 1976 3586; x_wconf 89' lang='lat' dir='ltr'><strong>nemo</strong></span> <span class='ocrx_word' id='word_1_273' title='bbox 2013 3527 2062 3577; x_wconf 92' lang='lat' dir='ltr'><strong>si</strong></span> 
     </span>
    </p>
   </div>
  </div>
 </body>
</html>
